2890 4778
603 328 691 398 90

601 502 785 582 „dex
793 502 998 562 bonus
1038 498 1100 558 C.
1147 496 1212 560 C
1255 499 1316 559 C.
1359 497 1570 560 Naevi
1611 499 1834 560 Plauti
1873 501 2002 561 sine
2043 499 2497 581 conjunctione
2544 518 2632 574 et.

602 603 879 684 „Fallor,
939 625 1020 664 an
1059 604 1149 662 sic
1200 602 1370 662 dedit
1408 601 1771 664 Terentius:

855 748 904 780 „
919 705 1202 770 Gohcem
1244 725 1371 764 esse
1412 724 1625 785 nempe
1640 747 1663 775 ,
1710 703 1926 763 Plauti
1973 715 2232 763 veterem
2257 705 2624 787 fabulam.-

853 811 1173 890 ,parasiti
1209 827 1541 887 personam
1583 805 1723 865 inde
1763 806 2039 866 ablatam
2082 820 2141 866 et
2180 809 2417 868 militis.
2423 813 2476 848 ‘⁴'

597 910 676 974 Et
719 914 841 978 hoc
884 913 952 971 in
991 921 1166 971 textu
1210 910 1436 990 posuit.
1537 907 1820 990 Captiosa
1860 910 2048 985 haec,
2118 912 2227 971 sed
2267 912 2445 974 valde
2488 914 2611 973 in-

594 1016 773 1077 firma
829 1014 1162 1095 disputatio
1225 1022 1330 1072 est.
1421 1011 1512 1073 De
1563 1012 1764 1072 Plauti
1817 1014 2064 1091 quidem
2124 1011 2344 1073 Colace
2394 1015 2605 1074 hodie

598 1121 779 1196 etiarn
838 1136 953 1197 per
1004 1095 1379 1178 Frontonem
1441 1125 1715 1187 constat,
1741 1117 1893 1202 Aqui
1946 1115 2070 1175 vol.
2111 1114 2158 1176 Ι.
2209 1138 2269 1197 p.
2315 1118 2419 1175 80:
2461 1124 2594 1177 tres

597 1239 677 1281 ex
736 1240 808 1278 ea
860 1218 1071 1279 fabula
1120 1239 1335 1278 versus
1397 1218 1589 1277 affert.
1671 1215 1790 1278 De'
1829 1216 2051 1277 Colace
2107 1216 2328 1278 Naevii
2382 1229 2592 1280 autem

596 1321 762 1402 quod
818 1321 934 1397 ait,
1009 1323 1332 1401 superbius
1373 1321 1558 1380 simul
1601 1332 1662 1380 et
1700 1321 2067 1381 incuriosius
2109 1322 2589 1401 pronunciatum

597 1434 703 1485 est.
804 1422 1047 1505 Operae
1100 1424 1371 1503 pretium
1429 1432 1596 1482 certe
1652 1433 1817 1500 erat,
1889 1424 2254 1483 nominatim
2308 1423 2584 1483 indicare
2649 1412 2661 1420 ⁶

593 1535 864 1589 vetustos
920 1526 1063 1585 illos
1120 1524 1312 1586 Nonii
1367 1524 1783 1604 Priscianique
1823 1525 2097 1599 codices,
2168 1545 2430 1604 quorum
2472 1547 2584 1585 au-

594 1632 879 1690 ctoritate
915 1629 1118 1689 Novio
1163 1649 1236 1689 ea
1277 1628 1488 1687 fabula
1528 1628 1930 1688 adscribenda
1975 1615 2145 1687 esset.
2248 1628 2406 1690 Nam
2451 1628 2582 1688 No-

589 1733 684 1792 nii
750 1732 1047 1791 editiones
1103 1733 1388 1810 antiquae
1451 1731 1753 1792 Naevium
1806 1731 2168 1806 nominant,
2237 1733 2336 1790 cui
2392 1732 2580 1792 Novii

590 1854 822 1893 nomen
864 1832 978 1892 los.
1022 1830 1334 1890 Mercerus
1381 1852 1462 1890 ex
1513 1834 1870 1924 conjectura
1908 1834 2394 1893 substituendum
2438 1855 2577 1893 cen-

592 1937 727 1996 suit.
812 1934 871 1994 N
875 1952 996 1992 unc
1051 1937 1239 2012 quum
1299 1932 1540 1992 Novius
1594 1934 2022 1995 Atellanarum
2063 1938 2328 2016 scriptor
2371 1935 2575 2012 fuerit,

591 2039 766 2120 cujus
806 2038 1051 2097 fabulae
1092 2035 1226 2096 fere
1269 2035 1748 2096 omnesssLatina
1795 2048 1900 2097 aut
1957 2037 2114 2096 Osca
2158 2042 2412 2098 nomina
2463 2039 2576 2098 ha-

589 2144 774 2218 bent,
848 2152 919 2201 ut
958 2141 1034 2199 de
1073 2141 1425 2219 perpaucis,
1504 2159 1659 2222 quae
1709 2138 1959 2199 Graecis
2016 2141 2364 2201 nominibus
2420 2151 2575 2218 sunt,

530 2314 543 2320 ᾗ
592 2245 1046 2326 quaerendum,
1092 2231 1214 2300 ⁸an
1286 2240 1470 2323 hujus
1541 2253 1762 2321 poetae
1831 2244 1989 2319 sint,
2077 2264 2205 2303 esse
2264 2246 2573 2320 videatur3

536 2372 543 2376 ·
590 2369 791 2430 quum,
831 2367 1019 2428 porro
1079 2344 1362 2405 Terentii
1416 2345 1564 2405 libri
1612 2365 1824 2406 omnes
1880 2356 2089 2427 aperte
2128 2345 2351 2408 Naevii
2395 2346 2573 2408 Cola-

589 2474 724 2512 cem
779 2451 1082 2511 exstitisse
1141 2456 1476 2524 testentur3
1555 2448 1823 2527 denique
1866 2469 2052 2531 quum
2114 2470 2250 2509 eam
2302 2451 2573 2512 fabulam

587 2556 700 2615 sub
758 2552 983 2613 Naevii
1040 2552 1293 2629 nomine
1353 2551 1544 2609 semel
1602 2550 1983 2625 Priscianus,
2058 2553 2295 2633 saepius
2335 2553 2569 2613 Nonius

586 2655 836 2739 afferat,
894 2654 965 2712 in
1006 2651 1224 2732 quibus
1267 2653 1465 2714 sicubi
1502 2655 1701 2714 variat
1742 2653 2010 2712 nominis
2053 2655 2385 2733 scriptura,
2439 2674 2568 2714 non

587 2758 755 2818 valet
820 2755 940 2816 hoc
1011 2757 1305 2815 continuo
1364 2757 1442 2815 ad
1502 2756 1971 2838 abjudicandam
2031 2777 2067 2815 a
2121 2756 2356 2816 Naevio
2411 2757 2569 2817 hanc

583 2862 892 2937 fabulam,
975 2859 1276 2939 siquidem
1319 2858 1572 2935 Naevii,
1642 2858 1863 2934 Novii,
1929 2858 2173 2935 Laevii,
2241 2858 2410 2919 Livii
2454 2881 2568 2919 no-

529 3000 546 3017 ‚
583 2965 756 3025 mina
806 2963 1030 3047 ubique
1087 2971 1569 3023 commutantur:
1664 2963 1874 3021 omnia
1940 2983 2055 3021 nos
2129 2984 2201 3021 eo
2279 2962 2568 3022 videntur

584 3068 890 3129 adducere
948 3065 1208 3140 debere,
1277 3075 1349 3124 ut
1404 3084 1537 3125 non
1596 3064 1815 3140 Novii‚
1897 3066 2005 3124 sed
2041 3062 2262 3127 Naevii
2298 3065 2567 3134 fabulam

469 3172 542 3228 18
589 3169 870 3230 Colacem
912 3168 1098 3227 fuisse
1139 3176 1490 3226 statuamus
1573 3165 1829 3226 Accedit
1868 3168 2033 3247 quod
2067 3167 2411 3247 fragmenta
2450 3167 2568 3227 hu·-

577 3273 673 3352 jus
726 3272 1007 3347 fabulae,
1076 3279 1147 3329 ut
1185 3291 1223 3328 a.
1265 3268 1454 3330 Novii
1510 3271 1649 3349 stilo
1701 3291 1831 3330 non
1888 3268 2285 3347 abhorreant,
2356 3281 2565 3330 tamen

504 3374 523 3385 '
577 3395 658 3434 ne
698 3376 859 3453 quod
904 3397 940 3434 a
979 3373 1213 3434 Naevio
1258 3372 1509 3452 quidem
1550 3374 1820 3433 alienum
1861 3356 2068 3452 putari
2108 3374 2356 3448 debeat,
2414 3394 2565 3432 con-

575 3477 797 3535 tinent.
894 3475 1059 3534 Sunt
1116 3486 1320 3536 autem
1372 3474 1541 3534 haec.
1639 3473 1822 3555 Apud
1878 3474 2149 3535 Nonium
2201 3475 2273 3551 in
2316 3496 2375 3537 v.
2413 3497 2563 3555 pro-

577 3577 817 3639 lubium
855 3598 915 3658 p.
959 3574 1063 3652 64,
1105 3597 1160 3657 9.
1247 3579 1532 3639 Naevius
1569 3580 1640 3638 in
1687 3577 1938 3638 Colace.-
2109 3560 2132 3565 „

752 3714 763 3723 ·
1404 3692 1464 3737 et
1505 3681 1656 3754 volo,

837 3796 896 3841 et
935 3800 1185 3858 vereor,
1258 3794 1317 3840 et
1344 3783 1572 3864 facere
1616 3783 1686 3839 in
1719 3780 2001 3860 prolubio
2043 3793 2147 3841 est.

579 3885 761 3966 Apud
818 3887 1101 3947 eumdem
1159 3887 1225 3944 in
1282 3907 1340 3945 v.
1388 3884 1611 3943 collum
1651 3906 1710 3964 p.
1757 3904 1978 3964 2oo‚2
1943 3885 2039 3944 2.4
2104 3884 2418 3945 Naevium
2460 3904 2578 3967 cor·

580 3998 792 4046 utrum
845 3991 1137 4068 scapulae
1202 3988 1347 4067 plus
1418 4008 1504 4045 an
1573 3988 1764 4046 collas
1830 3987 1980 4046 calli
2047 3986 2268 4046 habeat
2332 3992 2560 4047 nescio.

584 4088 937 4169 Corrigunt:
1003 4092 1283 4152 Naevius
1337 4090 1588 4153 Colace:
1647 4096 1891 4167 u‘crum5
1948 4101 2146 4167 recte,
2191 4099 2259 4149 ut
2293 4091 2555 4171 videtur.
