2890 4778
568 404 713 480 124

559 589 636 664 bi
690 586 927 665 adhuc
993 586 1210 667 eredo
1270 588 1637 688 ignotum,
1700 590 1822 662 eui
1866 588 2136 665 Silium
2188 589 2547 699 Italicum,

561 725 748 800 notis
788 722 1079 809 ineditis
1130 722 1540 798 Heinsianis
1589 723 2135 825 illustrandum,
2177 726 2346 828 quia
2385 724 2543 828 ipse

560 859 896 935 omnibus
948 882 1098 933 nou
1150 855 1463 957 sufficio,
1517 856 1882 957 commisi,
1935 881 2009 935 et
2067 861 2197 963 qui
2256 860 2412 964 ipse
2456 888 2547 937 ex

556 993 853 1095 propria
897 1017 1090 1093 penu
1140 989 1423 1090 aliquid
1454 1013 1792 1068 notarum
1840 993 2149 1094 adjicere
2195 996 2434 1092 vellet,
2474 995 2544 1071 si
2598 1050 2619 1061 -
2720 1010 2739 1022 ·

557 1125 882 1205 subsidia
960 1125 1316 1229 quaedam
1376 1126 1804 1230 conquirere
1875 1150 2157 1227 posset,
2239 1152 2541 1234 optaret.

555 1260 775 1340 Petiit
810 1261 874 1337 is
917 1289 961 1337 a
996 1287 1149 1359 me,
1212 1283 1296 1336 ut
1335 1263 1687 1362 quoniam
1737 1290 1958 1339 mauu
2004 1264 2297 1342 exaratis
2333 1265 2542 1342 codi-

553 1397 759 1474 cibus
805 1395 1177 1491 deficitur,
1218 1392 1534 1473 viderem
1551 1451 1575 1491 ,
1612 1423 1791 1471 num
1826 1424 1915 1474 ex
1953 1401 2217 1501 Anglia
2254 1390 2541 1503 aliquid

543 1532 802 1607 -auxilii
864 1550 1108 1630 posset
1145 1527 1443 1606 adferri.
1489 1531 1825 1608 :Servari
1884 1535 2079 1610 enim
2129 1535 2403 1611 Oxonii
2457 1536 2538 1611 iu

556 1664 884 1765 collegio
959 1664 1346 1764 Reginensi
1407 1664 1767 1741 Silianum
1838 1668 2177 1744 codicem
2228 1697 2319 1746 ex
2386 1673 2538 1764 Ca·
2634 1743 2638 1747 ⁴

558 1802 811 1904 talogis
835 1838 838 1841 ·
861 1799 1078 1874 Mss.
1127 1797 1431 1902 Angliae
1493 1827 1794 1878 numero
1839 1809 1991 1902 944
2043 1801 2301 1883 didicit
2315 1862 2339 1902 ,
2403 1805 2536 1882 sed

555 1965 726 2016 cum
768 1960 1032 2039 neque*
1052 1934 1180 2011 ille
1218 1959 1455 2032 neque
1494 1961 1625 2035 ego
1669 1964 2085 2040 quenquam
2128 1941 2538 2017 noverimus

556 2075 686 2176 qui
735 2068 925 2147 hanc
968 2098 1262 2174 operam
1315 2068 1528 2147 uobis
1573 2092 1924 2173 praestare
1975 2097 2254 2176 posset,
2320 2076 2415 2152 ad
2456 2098 2530 2153 te

554 2207 1002 2297 ‚deunx-rimus
1018 2259 1041 2302 ,
1095 2225 1171 2281 et
1232 2230 1559 2305 rogamus
1579 2260 1603 2300 ,
1642 2228 1740 2282 ut
1786 2209 1900 2308 gel
1958 2236 2170 2309 prece
2218 2213 2333 2289 vel
2370 2224 2534 2315 pre·-
2594 2254 2605 2285 ,-

551 2345 655 2422 tio
697 2343 1038 2450 aliquem,
1053 2337 1388 2437 inducas,
1436 2339 1567 2444 qui
1611 2342 2074 2421 collationem
2129 2350 2282 2445 ejus
2328 2345 2532 2422 eodi-
2596 2388 2605 2396 ·

550 2481 657 2557 eis
689 2507 869 2555 eum
908 2477 1122 2554 editis
1158 2477 1532 2553 instituere
1576 2479 1812 2554 vellet.
1915 2480 2357 2580 Agnosceres
2377 2510 2534 2559 cer·
2594 2526 2599 2532 -
2639 2485 2655 2508 “

339 2703 346 2714 ι
469 2669 474 2678 »
553 2638 641 2692 te·
665 2613 1095 2691 beneficium
1155 2612 1232 2686 in
1267 2595 1441 2686 ¹uon
1483 2611 1843 2711 ingratum
1888 2612 2261 2726 homiuem
2300 2616 2534 2692 eolla·-
2596 2673 2601 2680 -

551 2773 735 2829 tum.
833 2747 1127 2825 *Posses
1189 2765 1260 2822 et
1320 2747 1508 2821 forte
1563 2747 1645 2822 in
1702 2746 1993 2849 privatis
2048 2749 2532 2848 bibliothecis,

550 2914 740 2989 quae
785 2882 981 2988 apud
1020 2873 1145 2961 vos
1172 2879 1753 2957 instructissimae
1793 2904 1962 2960 sunt
1977 2940 2000 2982 ,
2039 2884 2320 2988 aliquid
2351 2886 2528 2962 huic
2574 2940 2581 2948 .

547 3022 879 3097 instituto
926 3015 1129 3118 quod
1168 3017 1398 3091 facere
1447 3037 1722 3116 posset,
1767 3013 2348 3122 deprehendere,
2392 3022 2533 3099 sed.
2586 3066 2592 3072 ·

546 3180 798 3236 vereor
833 3179 930 3228 -ne
972 3151 1375 3229 molestiam
1425 3147 1564 3224 tihi
1619 3176 1849 3253 aequo
1896 3151 2247 3255 majorem
2288 3158 2527 3262 impo-

547 3289 814 3365 nerem.
911 3286 1079 3387 lpse
1145 3271 1441 3385 'quoque
1506 3283 1647 3360 nisi
1703 3288 1930 3387 gravis
1995 3273 2150 3367 esse
2222 3320 2550 3390 vererer,

546 3449 685 3526 pro
711 3463 718 3467 ·
744 3448 861 3496 me
915 3443 1116 3496 tuam
1175 3446 1466 3523 operam
1500 3448 2012 3530 exposcerem,
2070 3425 2135 3503 si
2185 3411 2374 3528 ,quid
2409 3430 2528 3507 vel

471 3582 476 3587 ·
543 3550 627 3634 iu
656 3555 820 3639 tuis
856 3554 970 3634 vel
992 3552 1387 3634 amicorum
1427 3556 1707 3644 seriniis
1747 3560 2130 3661 reperires,
2174 3589 2324 3664 quo
2353 3591 2528 3646 eone
2572 3605 2580 3611 ·

542 3692 792 3769 silium
836 3716 1079 3772 meum
1093 3743 1117 3785 ,
1161 3695 1366 3789 eujus
1407 3692 1488 3767 in
1524 3715 1839 3771 extrema
1878 3695 2328 3794 praefatione
2375 3691 2527 3774 me-

379 3836 516 3929 ¹49
543 3826 761 3924 min'i,
803 3824 1159 3903 catalecta
1197 3823 1544 3913 Veterum
1591 3830 1977 3906 Poetarum
2028 3831 2523 3934 locupletandi

538 3962 891 4064 adjuvare
948 3981 1258 4062 possem:
1324 3963 1459 4045 -Ad
1532 3963 1923 4047 Valerium
1960 3991 2252 4072 quoque
2314 3966 2376 4041 F
2381 3966 2523 4046 lac·

542 4111 710 4188 eum
729 4154 752 4197 ,
822 4097 898 4174 in
926 4107 938 4123 ”
946 4125 1161 4202 quem
1211 4119 1422 4179 notas.
1462 4098 1744 4174 Heinsii
1789 4101 1969 4179 olim
2015 4131 2182 4179 cum
2218 4100 2518 4204 publico
