2890 4778
460 396 475 405 .
553 322 665 395 xu

420 616 427 625 ,
552 547 764 615 runt.
863 532 1084 638 Quas
1121 529 1412 635 Gaisfo
1421 527 1654 610 rdius
1681 524 1764 637 *)
1804 529 2236 636 publicavit
2262 561 2533 613 emen-

552 664 923 745 dationes
976 657 1321 745 ineditas
1393 668 1483 739 in
1541 663 1988 743 Ciceronis,
2026 673 2532 769 quaestiones

553 800 1092 903 Tusculanas,
1167 808 1250 870 et
1291 797 1362 872 si
1416 790 1613 899 quid
1662 809 2075 900 praeterea
2130 802 2219 876 in
2270 799 2537 880 lucem

550 939 1054 1041 protractum
1106 923 1386 1023 fuerit,
1451 953 1643 1004 mox
1714 914 2146 1007 referemus
2200 933 2290 1010 in
2344 933 2538 1010 Mis-

554 1065 908 1145 cellanea
951 1060 1266 1139 critica.
1375 1059 1510 1137 De
1540 1057 2244 1142 emendationibus
2267 1067 2358 1142 in
2395 1064 2539 1147 Ni-
2581 1050 2600 1061 ⁷

555 1193 827 1275 candri
869 1184 1272 1291 Theriaca
1299 1190 1478 1276 vide
1518 1219 1726 1298 quae
1767 1191 2114 1275 diximus
2163 1195 2268 1274 ad
2307 1201 2536 1303 epist.

424 1414 429 1419 ,
549 1329 1011 1435 Lxxv,·p.
1042 1327 1228 1406 225.

711 1457 1051 1562 Bentleii
1109 1482 1203 1571 ac
1239 1457 1577 1558 Graevii
1629 1465 2015 1566 imagines
2074 1468 2262 1544 artis
2303 1467 2538 1547 litho-

552 1593 976 1700 graphicae
1041 1618 1204 1698 ope
1249 1610 1648 1696 quantum
1689 1589 1864 1672 fieri
1903 1602 2176 1699 potuit.
2222 1578 2539 1680 accura-

478 1782 484 1787 -
551 1731 855 1824 tissime
913 1721 1272 1803 redditae
1312 1741 1539 1820 sunt;
1605 1725 1748 1804 sed
1784 1743 1881 1802 ut
1920 1734 2332 1837 utriusque
2378 1737 2541 1814 chi·-

446 1878 451 1883 ’
551 1857 1042 1964 rographum
1073 1863 1451 1964 cognosci
1482 1875 1798 1964 posset,
1856 1865 2047 1939 satis
2081 1881 2251 1942 erat
2292 1897 2388 1947 ex
2415 1874 2537 1963 in-

554 1996 795 2097 tegris
846 1991 1245 2098 epistolis,
1311 2007 1511 2097 quas
1553 1992 1940 2096 Burnejus
1980 2002 2313 2100 exprimi
2352 2027 2535 2079 aere

460 2128 463 2131 ’
553 2116 823 2228 jiissit,
884 2122 1091 2219 solas
1131 2129 1683 2230 inscriptiones
1727 2125 2035 2206 referre.

720 2299 932 2382 Dab.
967 2304 1420 2405 Brunovici‚
1481 2278 1741 2384 dfzo.
1772 2306 1975 2414 Aug.
2018 2333 2089 2394 a.
2160 2311 2394 2426 1'824.
2489 2280 2496 2288 ’

703 2586 773 2676 *)
840 2585 946 2660 cf.
999 2610 1241 2657 novam
1284 2563 1680 2659 Davisiande
1721 2596 2121 2660 recensionis
2149 2592 2527 2660 editionem.

420 2745 423 2748 ,
554 2686 786 2803 Oxou.
848 2690 1052 2759 1805.
1085 2704 1229 2784 typ.
1270 2692 1575 2763 Clarend.
1624 2698 1686 2764 8.
