2890 4778
2265 395 2353 468 87

537 568 756 632 Statim
800 570 1085 649 sequitur
1109 567 1299 646 apud
1317 565 1722 636 Terentium·

614 669 792 730 Idem
837 667 1182 732 Menandri
1225 667 1507 730 Phasma
1549 661 1717 729 nunc
1759 686 1952 748 anper
1996 597 2185 744 dedit,

615 784 800 853 atque
839 775 910 832 in
959 771 1277 832 Thesauro
1320 774 1597 852 scripsit,

367 882 432 932 et
480 874 936 956 reliqua.1bi
995 876 1146 935 haec
1209 874 1559 936 adnotavit.
1641 839 2006 950 „Donatusz
2090 886 2352 953 appares

362 982 884 1055 „pronunciatum
897 1020 919 1048 ,
961 982 1146 1057 quasi
1178 973 1297 1036 hoc
1328 979 1470 1054 *ipso
1509 978 1895 1038 admonuerit
1924 989 2352 1056 spectatorem,

359 1099 600 1157 „quam
665 1082 930 1160 turpiter
980 1092 1039 1138 et
1094 1081 1375 1158 imperite
1431 1077 1590 1138 haec
1631 1079 1876 1162 fabula
1941 1085 2177 1159 scripta
2252 1081 2351 1150 sic,

364 1180 676 1250 „Iterumz
761 1182 1075 1243 Phasma.-
1113 1176 1310 1246 ‚hanc
1332 1180 1634 1263 fabulam
1677 1193 1869 1240 totam
1907 1181 2201 1254 damnat,
2284 1193 2355 1254 ιρζ

366 1297 676 1363 „apparet
688 1326 712 1356 ,
784 1286 1067 1364 silenti03
1154 1282 1212 1345 Ἰ
1207 1284 1544 1342 hes-aurum
1596 1303 1739 1341 vero
1788 1303 1905 1342 non
1945 1295 2175 1362 totum,
2207 1304 2212 1309 ·
2244 1283 2359 1346 sed

360 1405 488 1456 „ex
546 1408 668 1447 uno
726 1389 874 1447 loco.
973 1386 1164 1447 Recte
1222 1388 1475 1466 quidem
1532 1385 1715 1445 haec:
1803 1386 1912 1446 sed
1952 1397 2208 1464 tamen,
2283 1397 2355 1446 ut

357 1509 576 1559 „nunc
618 1491 851 1567 fertur,
931 1499 1095 1549 totus
1146 1489 1253 1548 hic
1313 1510 1526 1550 versus
1580 1508 1766 1546 arena
1822 1487 1957 1547 sine
2009 1490 2175 1548 calce
2232 1499 2350 1549 est:

357 1599 524 1666 „nec
592 1613 732 1652 cum
798 1593 1142 1672 prioribus,
1227 1612 1344 1651 nec
1404 1612 1547 1650 cum
1602 1591 2012 1668 sequentibus
2046 1591 2349 1662 cohaeret.

353 1691 708 1773 „Equidem
762 1697 831 1770 iu
892 1694 1135 1753 Donato
1194 1694 1613 1773 manuscripto
1670 1692 1791 1751 hoc
1844 1693 1994 1773 legi,
2067 1692 2233 1772 quod
2277 1693 2349 1752 in
2398 1701 2473 1763 15

352 1796 584 1871 „editis
627 1817 757 1876 non
798 1798 1136 1877 reperitur:
1189 1799 1340 1854 item
1380 1799 1422 1853 i.
1467 1816 1519 1854 e.
1568 1795 1924 1854 similiter.“
2010 1792 2169 1860 Hinc
2210 1794 2350 1854 edi-f
2489 1791 2494 1797 ’

356 1898 478 1975 dit,
549 1902 696 1956 item
748 1910 821 1959 ut
879 1896 1227 1960 Menandri
1276 1898 1593 1973 Phasma,
1669 1907 1731 1956 et
1788 1894 2243 1958 confirmandae
2290 1897 2351 1958 ei

353 2002 743 2082 conjecturae
787 1999 977 2059 affert
1002 2000 1073 2059 ΙΙ.
1116 2020 1174 2077 2,
1216 2002 1316 2060 53.
1363 2010 1426 2059 et
1466 1999 1681 2058 Heaut.
1720 1997 1817 2057 ΙΙΙ.
1866 2017 1917 2074 1,
1959 1983 2016 2057 8]
2103 1997 2351 2062 Poterat

352 2105 549 2163 multa
587 2104 804 2162 afferre
846 2103 1160 2180 exempla:
1221 2102 1328 2162 sed
1370 2105 1491 2181 quo
1535 2102 1714 2181 plura
1756 2100 2087 2175 attulisset,
2132 2121 2206 2160 eo
2249 2102 2350 2161 fa·-

353 2205 536 2263 cilius
593 2191 888 2279 vidisset,
962 2206 1194 2262 frustra
1252 2203 1473 2263 afferri.
1576 2201 1736 2261 Nam
1799 2199 1964 2259 idem
2007 2191 2120 2260 'est
2179 2203 2349 2274 aliud

354 2324 535 2383 quam
581 2308 675 2362 ita
690 2347 713 2375 ,
774 2314 835 2364 et
873 2308 1019 2362 item
1056 2314 1128 2364 ut
1172 2304 1344 2364 aliud
1386 2326 1573 2384 quam
1612 2306 1704 2364 ita
1745 2314 1833 2363 ut.
1918 2303 2077 2363 Nam
2122 2306 2215 2361 ita
2258 2305 2347 2362 si·-

353 2405 631 2485 gnificat,
700 2427 774 2465 eo
820 2407 1052 2483 mod03
1106 2409 1255 2464 item
1296 2419 1534 2484 autem,
1596 2408 1813 2467 eodem
1857 2408 2059 2467 modo,
2164 2405 2345 2469 Unde

353 2507 580 2567 similia
618 2528 804 2588 quum
844 2518 1314 2589 comparantur,
1353 2521 1521 2571 recte
1552 2510 1778 2570 dicitur
1804 2514 1950 2570 item
1963 2551 1987 2582 ,
2028 2521 2100 2583 ut
2127 2508 2342 2570 Heaut.

299 2612 304 2617 ’
351 2612 424 2687 V,
473 2611 533 2687 4,
585 2628 678 2670 12.
1410 2630 1415 2633 “
2425 2597 2429 2608 ’

1177 2733 1336 2780 non,
1403 2715 1465 2770 si
1504 2733 1580 2770 ex
1622 2704 1830 2792 capilo
1870 2717 1960 2772 sis
2001 2735 2131 2774 meo

604 2824 789 2872 natus
805 2853 828 2884 ,
875 2816 1022 2872 item
1059 2826 1129 2874 ut
1167 2821 1348 2892 ajunt
1390 2819 1754 2877 Minervam
1792 2837 1922 2875 esse
1961 2837 2037 2873 ex
2075 2819 2256 2894 Iove,-

348 2937 480 2977 :non
521 2917 742 2991 etiam,
783 2915 891 2975 ubi
937 2919 1292 2996 exemplum
1334 2918 1588 2978 affertur
1606 2942 1632 2994 ,·
1666 2917 2176 2996 comprehensum
2214 2919 2342 2998 jam

347 3019 459 3094 iis,
520 3019 774 3097 quibus,
829 3020 983 3096 quia,
1019 3021 1534 3099 comprehensum
1580 3029 1699 3095 est,
1759 3031 1849 3078 est
1889 3017 2090 3078 etiam.
2120 3019 2339 3078 simile.

348 3119 467 3179 Cui
505 3121 613 3189 rei.
648 3119 1082 3199 significandae
1119 3125 1213 3182 ita
1255 3133 1467 3202 aptum
1511 3131 1617 3182 est.
1720 3120 1909 3183 Recte
1956 3121 2154 3181 dicasz
2232 3120 2338 3181 hic

345 3223 536 3282 malas
581 3222 789 3307 scribit
828 3223 1121 3284 fabulasz·
1177 3226 1264 3284 ita
1306 3225 1565 3283 Phasma
1608 3225 1872 3304 scripsit.
1983 3222 2127 3282 Non
2170 3234 2335 3284 recte
2425 3278 2436 3283 -

345 3324 616 3385 dixeris:
684 3323 790 3382 hic
831 3325 1023 3384 malas
1067 3327 1285 3386 scribit
1325 3326 1590 3402 fabulas:
1669 3330 1818 3386 item
1860 3326 2105 3404 scripsit
2146 3326 2338 3385 Pha's-

341 3449 460 3487 ma.
550 3424 779 3486 Contra
826 3430 961 3485 ‘non
1014 3439 1182 3487 recte
1238 3428 1437 3489 dices:
1511 3428 1614 3488 hic
1654 3430 1816 3489 male
1858 3408 2107 3508 scripsit
2145 3427 2337 3487 Phas-

339 3551 479 3590 ma:
558 3530 649 3589 ita
709 3529 1088 3589 Thesaurum
1110 3553 1129 3607 3
1206 3540 1388 3602 ‘recte
1444 3552 1630 3591 vero:
1706 3533 1808 3592 hio
1855 3531 2113 3590 Phasma
2168 3532 2332 3590 male

344 3633 611 3713 scripsit:
673 3632 826 3693 item
868 3630 1268 3709 Thesaurum.
1350 3631 1450 3695 Ex
1506 3655 1626 3714 quo
1686 3635 1994 3714 sequitur,
2053 3635 2327 3694 alienum

345 3753 477 3792 esse
533 3736 609 3794 ab
658 3736 774 3795 illo
832 3736 1110 3797 Terentii
1167 3738 1309 3797 loco
1366 3740 1515 3797 item
1568 3750 1679 3811 αις
1748 3759 1865 3798 nec
1922 3738 2129 3797 minus
2181 3738 2330 3793 item

343 3834 476 3892 sine
522 3845 627 3907 ut,
686 3840 1221 3914 quemadmodum¹
1248 3850 1341 3900 est
1381 3841 1454 3899 in
1491 3841 1604 3900 illa
1647 3840 1875 3900 Donati
1912 3837 2329 3903 adnotatione.

343 3933 469 3994 Sed
505 3937 813 3997 mittamus
851 3939 1013 4000 hanc
1050 3943 1540 4003 observationem
1580 3942 1845 4018 Donati,
1886 3961 2038 4019 quae
2071 3939 2329 3999 sortasse

344 4056 426 4095 ne
483 4046 576 4096 est
628 4038 873 4116 quidem
931 4041 1147 4124 hujus,
1225 4045 1335 4106 sed.
1390 4047 1549 4107 alius
1596 4045 1952 4125 cujusquam
1996 4041 2329 4137 adnotat-ip,

348 4139 495 4197 item
534 4138 604 4200 in
648 4154 936 4222 corrupto
981 4146 1194 4207 codice
1229 4138 1518 4227 legentis:
1578 4146 1727 4229 quid
1766 4145 1926 4208 illud
1972 4154 2097 4221 est,
2166 4144 2328 4224 quod
