2890 4778
591 393 680 469 92

584 567 766 647 Quae
820 572 1012 636 verba
1065 582 1250 634 erunt
1303 572 1737 654 exprobrantis
1794 569 2091 636 beneficia
2127 577 2199 636 in
2237 580 2599 657 parasitum

583 676 828 737 collata.
950 673 1111 735 Vide
1161 676 1531 756 interpretes
1584 676 1792 737 Plauti
1850 677 1930 738 ad
1981 677 2153 738 Cure.
2213 677 2285 740 ῙῙ.
2345 679 2386 741 3
2400 727 2420 758 ‚
2473 703 2590 765 79.

578 773 781 838 Stich.
811 771 942 855 13,
976 779 1074 838 81.
1162 777 1289 837 Sed
1329 781 1472 837 satis
1514 778 1672 838 mihi
1706 779 1928 842 videor
1970 780 2206 843 Naevio
2248 786 2591 847 asseruisse

578 881 855 942 fabulam
900 878 1201 941 Colacem.
1298 878 1509 958 Itaque
1546 885 1833 941 revertor
1875 883 1955 942 ad
1991 863 2350 946 Bentleium.
2449 887 2585 960 Qui

580 985 751 1065 quod
789 984 974 1056 dicit,
1023 982 1246 1041 miram
1281 1000 1410 1040 esse
1449 983 1860 1060 locutionem,
1916 985 2198 1046 Colacem
2233 1007 2349 1046 me
2386 990 2582 1049 Nae-

576 1090 653 1146 vi
661 1129 687 1159 ,
765 1097 826 1143 et
864 1083 1087 1145 Plauti
1124 1094 1388 1142 veterem
1410 1082 1714 1164 fabulam
1728 1128 1754 1156 ,
1829 1098 1892 1147 et
1931 1108 2086 1168 quae
2126 1110 2314 1170 porro
2351 1090 2429 1149 de
2461 1090 2572 1150 his

575 1188 784 1249 verbis
837 1188 1138 1268 disputat,
1206 1187 1522 1245 neminem
1571 1187 1836 1247 arbitror
1886 1199 2015 1249 tam
2076 1190 2356 1252 hebetem
2411 1213 2572 1270 esse,

576 1293 729 1373 quin
768 1290 1008 1366 videat,
1073 1289 1153 1350 de
1194 1288 1504 1348 industria
1546 1308 1686 1349 eum
1730 1289 2108 1352 calumniari.
2220 1294 2381 1355 Nam
2428 1273 2578 1375 quis‘

574 1395 696 1457 sibi
736 1392 1134 1476 persuadeat,
1190 1411 1323 1450 non
1364 1390 1596 1452 vidisse
1641 1413 1817 1469 eum,
1875 1394 1963 1454 sic
2005 1394 2199 1456 verba
2240 1415 2367 1456 esse
2409 1400 2568 1482 jun—

574 1497 805 1578 genda,
888 1494 1170 1556 Colacem
1211 1511 1339 1552 esse
1381 1494 1593 1555 Naevi
1628 1507 1688 1553 et
1735 1497 1954 1560 Plauti
1968 1541 1992 1569 ,
2067 1509 2327 1556 veterem
2349 1499 2562 1580 fuba-

571 1599 717 1659 lam.
816 1596 1009 1659 [nuno
1069 1600 1230 1659 bene
1289 1598 1479 1657 vidit:
1557 1598 1666 1657 sed
1719 1601 1922 1658 sciens
1979 1600 2418 1679 dissimulavit,
2488 1615 2565 1664 ut

569 1703 858 1775 haberet,
931 1721 1054 1781 quo
1098 1699 1470 1779 scripturam*
1506 1712 1846 1780 suspectam
1890 1702 2192 1764 redderet.
2286 1704 2446 1764 Nam
2487 1706 2564 1764 in
2649 1699 2657 1705 ’

566 1805 694 1864 illis
734 1802 896 1861 nihil
940 1810 1104 1876 erat,
1164 1802 1329 1880 quod
1370 1802 1883 1882 reprehenderet,
1941 1825 2128 1884 quum
2166 1807 2415 1865 Luscius
2435 1808 2564 1880 ,di-

568 1906 699 1980 xit,
767 1902 1133 1963 Eunuchum
1176 1901 1461 1976 Terentii
1500 1923 1629 1961 non
1669 1924 1895 1965 novam
1915 1951 1935 1982 ‚
1998 1908 2106 1967 sed
2145 1918 2418 1969 veterem
2457 1911 2560 1970 fa-

567 2008 780 2070 bulam
825 2024 991 2081 esse3
1058 2024 1188 2063 esse
1227 2004 1393 2062 enim
1438 2000 1726 2065 Colacem
1767 2006 1991 2067 Naevii
2034 2021 2096 2070 et
2134 2010 2350 2070 Plauti.
2431 2011 2557 2073 Ve—
2631 2069 2637 2074 ,

566 2122 765 2171 terem
820 2109 990 2169 enim
1044 2105 1316 2166 fabulam
1376 2125 1561 2165 nemo
1606 2127 1735 2166 non
1773 2110 1992 2192 fidet,
2066 2131 2196 2172 non
2247 2123 2377 2173 tam
2420 2135 2557 2177 eam

568 2214 724 2289 dici,
812 2231 967 2292 quae
1012 2209 1237 2269 multos
1292 2217 1434 2267 ante
1486 2228 1682 2268 annos
1740 2210 1903 2270 edita
1965 2213 2073 2289 sit,
2150 2234 2333 2293 quam
2371 2216 2559 2297 hanc‚'

567 2335 724 2399 quae
799 2333 931 2373 non
1005 2312 1323 2371 contineat
1389 2330 1627 2370 novum
1679 2313 1930 2393 aliquod
1965 2326 2052 2395 ‘et
2107 2335 2236 2375 non
2294 2328 2435 2378 ante
2486 2321 2556 2379 in

564 2439 753 2480 scena
821 2418 1025 2479 visum
1094 2423 1539 2495 argumentum.
1638 2413 1763 2475 Sed
1836 2419 2036 2498 pergit
2100 2420 2223 2479 alio
2295 2422 2555 2484 artificio
2607 2472 2612 2479 .

566 2522 885 2583 confutare
936 2520 1235 2579 librorum
1292 2518 1692 2596 scripturam,
1768 2538 1955 2597 quum
2007 2522 2076 2579 in
2133 2542 2206 2582 eo
2222 2568 2241 2598 ‚
2315 2524 2387 2582 in
2432 2545 2554 2605 quo

564 2631 807 2691 accuset
861 2620 1114 2689 Luscius
1181 2618 1571 2695 Terentium,
1652 2621 1942 2680 ‘eumdem
2006 2623 2193 2683 simul
2264 2642 2554 2686 excusare

563 2724 669 2784 ait.
782 2721 944 2784 Nam
1004 2724 1057 2781 si
1112 2721 1439 2782 Terentius
1491 2721 1648 2780 furti
1698 2734 2044 2802 accusetur,
2131 2727 2298 2786 idem
2364 2731 2551 2790 etiam

559 2828 851 2889 Plautum
887 2823 1137 2899 fecisse,
1192 2834 1261 2884 ut
1302 2826 1376 2886 ab
1426 2824 1661 2885 Naevio
1677 2869 1696 2900 ‚
1759 2826 1867 2905 qui
1910 2847 1976 2887 se
2020 2829 2335 2908 antiquior
2376 2841 2550 2908 esset,

559 2939 989 3009 argumentum
1042 2925 1208 2986 istud
1259 2927 1586 2986 furaretur.
1670 2926 1815 2988 Esto
1869 2950 2053 3005 vero,
2121 2941 2192 2989 ut
2247 2931 2552 2994 Naevium

561 3031 993 3112 compilaverit
1046 3028 1325 3088 Plautus:
1398 3029 1547 3108 quid
1604 3028 1724 3089 hoc
1784 3032 1860 3090 ad
1916 3032 2096 3091 rem?
2181 3030 2434 3093 Furtum
2480 3037 2551 3095 in

560 3134 856 3195 Terentio
895 3130 1299 3212 reprehendit
1337 3131 1620 3207 Luscius,
1660 3133 1802 3211 qui,
1842 3134 1895 3192 si
1935 3134 2100 3194 idem
2143 3135 2325 3194 etiam
2366 3137 2552 3197 Plau-

498 3264 503 3273 ³
555 3248 656 3297 tus
696 3237 878 3313 fecit,
945 3255 1096 3294 num
1143 3234 1417 3294 laudabit
1454 3234 1666 3294 hunc?
1741 3235 1931 3295 immo
1978 3258 2169 3316 aeque
2208 3239 2551 3317 reprehen-

557 3341 697 3415 det,
750 3349 814 3399 et
850 3358 979 3398 non
1019 3337 1207 3396 fuisse
1250 3337 1618 3403 imitandum
1662 3337 1854 3397 dicet:
1918 3350 1988 3398 ut
2027 3339 2191 3398 nihil
2233 3340 2379 3400 hinc
2432 3363 2549 3401 ex-

555 3439 887 3500 cusationis
938 3430 1238 3501 'Terentio
1307 3439 1505 3519 possit
1572 3441 1882 3500 accedere.
1993 3439 2271 3502 Onmino
2346 3453 2549 3505 autem

551 3563 684 3602 non
728 3541 807 3601 de
852 3559 927 3600 eo
972 3544 1198 3620 agitur,
1255 3542 1404 3621 quid
1445 3542 1695 3602 Plautus
1738 3556 1906 3603 recte
1949 3555 2056 3618 aut·
2097 3545 2261 3604 male
2304 3545 2546 3621 fecerit,

550 3647 664 3707 sed
712 3644 790 3705 de
833 3662 941 3720 e0‚
1016 3643 1182 3721 quod
1233 3643 1559 3707 Terentius
1613 3645 1889 3705 fabulam
1944 3646 2214 3705 ediderit
2251 3669 2381 3707 non
2428 3630 2550 3707 no-

547 3766 693 3819 vam
714 3793 732 3825 ‚
774 3746 884 3806 sed
915 3753 1220 3822 veterem,
1261 3746 1391 3827 jam
1430 3769 1466 3806 a
1500 3746 1771 3820 Naevio,
1807 3748 1937 3827 jam
1979 3768 2016 3807 a
2057 3746 2274 3821 Plauto
2313 3761 2547 3811 tracta-

547 3861 706 3911 tam:
796 3870 956 3930 quae
1005 3857 1176 3909 tanto
1235 3850 1484 3930 gravior
1531 3856 1625 3907 est
1678 3848 2111 3927 reprehensio,
2193 3853 2360 3931 quod
2411 3872 2547 3913 non

546 3974 742 4030 unus,
825 3953 935 4011 sed
990 3952 1198 4033 plures
1252 3951 1379 4031 jam
1432 3949 1600 4008 idem
1658 3961 2088 4030 argumentum
2151 3953 2222 4013 in
2292 3975 2544 4016 scenam

546 4053 950 4131 protulerant.
1035 4052 1129 4112 Ex
1183 4052 1276 4110 his
1334 4058 1617 4129 apertum
1666 4052 1913 4112 videtur
1966 4074 2131 4134 esse,
2205 4057 2369 4118 nihil
2409 4058 2545 4138 ¹ista

550 4153 932 4212 correctione
979 4154 1246 4232 potuisse
1288 4152 1601 4214 infelicius
1644 4150 1994 4233 excogitari.
