2890 4778
14 2666 16 2697 Ρ
14 2564 19 2599 ’ἡ
14 2460 21 2495 “···
14 2353 23 2393 *-
15 2257 20 2289 ff
15 2147 33 2185 τι·

359 575 498 637 viro
541 563 1051 654 exspectabatur,
1092 590 1222 632 non
1261 570 1517 644 fecisse,
1557 580 1628 632 ut
1670 572 1820 650 quid
1862 571 2231 634 laudandum
2271 574 2344 635 in·

360 677 646 738 Bentleio
700 684 883 754 atque
935 673 1338 752 imitandum,
1417 673 1568 753 quid
1624 683 1831 733 autem
1887 673 2345 751 reprehenden-

362 778 512 838 dum
553 787 615 837 et
651 777 971 838 vitandum
1015 786 1201 850 esset,
1248 775 1617 856 ostenderet.
1702 774 1782 833 Et
1823 776 2099 853 quamvis
2139 787 2345 855 putem

364 900 606 939 caussas
650 879 830 938 illum
876 878 1165 959 quasdam
1207 877 1519 951 habuisse,
1577 897 1764 957 quare
1801 878 1953 937 haec
1990 898 2120 936 non
2158 879 2347 962 attin-f

364 992 560 1063 geret,
603 991 810 1040 tamen
855 980 1017 1059 quod
1053 998 1114 1057 p.
1154 979 1256 1040 54.
1298 977 1375 1036 de
1418 977 1694 1037 Terentii
1735 978 2006 1039 editione
2044 978 2349 1059 judicium

364 1085 607 1164 posuit,
654 1081 958 1162 ejusmodi
1005 1090 1129 1156 est,
1165 1088 1237 1139 ut
1268 1088 1443 1139 tanto
1484 1081 1707 1159 magis,
1753 1080 1901 1159 quid
1940 1080 2090 1140 mihi
2134 1083 2351 1164 videaj-

284 1221 291 1224 -
365 1195 500 1260 tur,
543 1185 875 1244 dicendum
921 1183 1175 1256 ducam,
1219 1201 1339 1260 quo
1380 1181 1582 1261 major
1622 1181 1805 1261 hujus
1843 1182 1964 1240 viri
2007 1184 2169 1261 apud
2213 1204 2351 1266 omj-

367 1308 479 1348 nes
523 1286 850 1346 auctoritas
889 1294 996 1344 est.
1080 1284 1188 1343 Ait
1227 1293 1431 1342 autem
1476 1282 1659 1343 etiam
1703 1284 1773 1341 in
1810 1283 1993 1363 hujus
2034 1286 2357 1364 scriptoris·

368 1389 640 1449 editione
681 1386 1031 1447 Bentleium
1073 1386 1310 1463 aliquot
1359 1385 1620 1444 audaces
1677 1393 1739 1445 et
1790 1387 2141 1445 temerarias
2201 1409 2353 1447 con-

367 1492 632 1573 jecturas
691 1509 862 1550 more
907 1490 1022 1548 illo
1067 1507 1285 1567 parum
1329 1507 1475 1546 sane
1513 1487 1823 1546 laudando
1865 1489 1937 1547 in
1975 1499 2210 1550 textum
2248 1491 2353 1549 in-

366 1594 615 1668 tulisse,
656 1593 762 1651 sed
802 1601 1040 1667 tamen,
1087 1592 1191 1670 qui
1230 1587 1485 1671 posthac
1526 1588 1604 1647 ad
1647 1588 1927 1648 Terentii
1967 1593 2349 1688 emendatio-
2390 1581 2431 1640 4

367 1718 512 1756 nem
542 1692 840 1755 accessuri
862 1694 1020 1771 sint,
1058 1691 1257 1750 multo
1281 1691 1576 1771 pauciora
1604 1691 1966 1751 inventuros
1997 1714 2158 1768 esse,
2198 1712 2356 1773 quae

342 1796 627 1878 'rejicere
659 1796 950 1868 debeant,
995 1815 1175 1873 quam
1210 1795 1282 1852 in
1320 1794 1452 1851 ullo
1492 1793 1650 1869 alio,
1695 1814 1875 1872 quem
1916 1794 2027 1852 ille
2070 1795 2355 1871 ediderit,

370 1897 682 1979 scriptore:
802 1897 1037 1956 Ducem
1098 1907 1162 1955 et
1218 1906 1529 1954 auctorem
1590 1895 1771 1976 hujus
1830 1897 2203 1972 sententiae,
2283 1907 2356 1957 ut
2444 1895 2450 1905 ⁸

371 2004 623 2083 opinor,
693 1999 911 2059 habuit
947 1999 1050 2059 vir
1087 2018 1357 2078 summus
1396 1995 1711 2073 Reizium,
1782 2018 1963 2076 quem
2001 2019 2182 2078 saepe
2220 2021 2352 2060 me..

371 2106 528 2164 mini
585 2105 823 2176 dicere,
897 2101 1094 2159 multo
1154 2081 1404 2176 aequius
1456 2099 1624 2157 viros
1679 2099 1893 2158 doctos
1935 2100 2011 2158 de
2057 2100 2355 2162 Terentio

370 2206 640 2265 Bentleii
677 2202 1058 2286 judicaturos
1101 2220 1264 2275 esse,
1335 2200 1387 2257 si
1423 2200 1567 2272 ille,
1636 2219 1782 2276 quas
1824 2201 2359 2262 secitadnotatio-

296 2285 319 2311 '¹
373 2327 483 2365 nes
528 2305 606 2363 ad
648 2325 787 2366 eum
828 2303 1221 2380 scriptorem,
1284 2301 1499 2360 eadem
1540 2320 1687 2360 cura
1725 2321 1796 2359 ac
1837 2300 2185 2380 diligentia,
2241 2324 2361 2382 qua

375 2409 454 2466 ad
492 2405 846 2479 Horatium,
903 2402 1373 2482 perscripsisset.
1460 2400 1587 2481 Ego
1629 2403 1875 2482 quidem
1917 2405 2097 2464 aliter
2140 2412 2358 2482 sentio,

379 2518 472 2584 et,
513 2508 663 2566 licet
699 2526 1032 2584 numquam
1067 2525 1196 2564 non
1235 2506 1507 2564 dicturus
1543 2506 1689 2579 sim,
1732 2506 1895 2585 quod
1935 2526 2173 2586 semper
2213 2530 2362 2586 pro-
2437 2504 2442 2511 ’

376 2613 570 2672 fessus
634 2629 800 2684 sum,
879 2607 1130 2666 unicum
1188 2606 1468 2666 Terentii
1526 2606 1953 2687 sospitatorem
1999 2631 2128 2669 esse
2171 2610 2362 2671 Bent-

375 2706 601 2788 leium,
676 2720 886 2770 tamen
928 2710 1036 2768 vit
1072 2730 1297 2789 paucas
1335 2710 1405 2767 in
1447 2717 1578 2769 toto
1622 2729 1694 2770 eo
1737 2703 1901 2771 libro
1940 2713 2191 2792 paginas
2233 2735 2363 2793 esse

379 2817 672 2886 arbitror,
715 2813 782 2871 in
830 2811 1053 2891 quibus
1094 2833 1224 2871 non
1267 2813 1660 2887 inveniatur,
1702 2814 1865 2891 quod
1905 2824 2011 2873 aut
2050 2836 2179 2874 non
2217 2818 2363 2876 satis

376 2927 579 2990 recte,
649 2924 751 2973 aut
787 2916 993 2973 minus
1033 2913 1415 2973 considerate
1461 2914 1693 2973 dictum
1735 2916 1832 2973 sit.
1947 2916 2115 2987 Quae
2155 2926 2366 2977 tamen

376 3040 476 3079 res
517 3016 703 3078 etiam
746 3036 967 3095 augere
1012 3016 1197 3075 debet
1239 3015 1713 3075 admirationem
1753 3017 1930 3093 viri„
1985 3017 2092 3096 qui
2150 3037 2368 3096 quam-

376 3120 580 3181 visin
627 3129 799 3177 tanta
856 3139 1134 3178 errorum
1191 3117 1370 3195 copia
1431 3118 1783 3178 immortale
1840 3139 1911 3177 ac
1965 3120 2152 3196 plane
2206 3122 2366 3182 clivi·-

377 3244 527 3283 num
571 3242 723 3301 opus
768 3220 1131 3279 condiderit.
1236 3217 1359 3279 Sed
1409 3222 1768 3299 priusquam
1810 3222 2140 3300 exemplis,
2213 3244 2368 3302 quae

378 3323 545 3401 dixi,
612 3323 1043 3403 comprobem,
1115 3323 1332 3401 paucis
1387 3322 1465 3381 de
1517 3322 1767 3401 ingenio
1846 3321 1972 3381 viri
2039 3324 2368 3386 dicendum

381 3438 504 3504 est,
564 3434 637 3485 ut
671 3432 993 3505 appareat,
1057 3425 1361 3528 quomodo
1403 3445 1675 3485 summae
1720 3425 1850 3506 ejus
1886 3425 2146 3486 virtutes
2187 3449 2371 3508 saepe

378 3551 508 3590 non
546 3529 873 3610 potuerint
909 3545 1038 3586 non
1066 3522 1151 3585 in
1189 3526 1411 3588 vitium
1450 3537 1711 3588 vertere.

545 3631 695 3692 Erat
754 3629 1068 3689 Bentleius
1119 3629 1220 3689 vir
1277 3628 1555 3689 infinitae
1615 3631 1969 3710 doctrinae,
2045 3598 2377 3694 acutissimi

384 3752 623 3808 sensus,
710 3734 991 3792 acerrimi
1059 3732 1294 3812 judicii.
1393 3730 1475 3791 Et
1528 3731 1627 3792 his
1678 3733 1876 3792 tribus
1930 3735 2113 3793 rebus
2175 3736 2376 3796 omnis

384 3834 519 3892 laus
580 3842 642 3892 et
690 3838 881 3894 virtus
934 3836 1288 3897 continetur
1344 3834 1582 3895 criticis
1664 3834 1763 3894 Ex
1830 3836 2048 3915 quibus
2118 3837 2378 3898 scientia

390 3933 771 4011 antiquitatis
802 3937 1030 3996 idonea
1071 3938 1291 3998 ordine
1322 3937 1599 4017 primum
1634 3947 1804 3998 tenet
1835 3939 2042 3997 locum
2064 3978 2082 4009 ‚
2123 3947 2192 4001 ut
2226 3961 2378 4018 quae

395 4045 461 4096 et
520 4054 764 4094 sensum
819 4040 1071 4103 nutriat·
1104 4050 1287 4120 atque
1347 4040 1622 4116 excolat,
1683 4049 1745 4099 et
1783 4038 2018 4120 judicio
2059 4042 2378 4102 materiam

392 4137 687 4217 praebeat
756 4137 1090 4218 judicandi.
1212 4140 1308 4200 Ad
1363 4163 1498 4203 eam
1554 4164 1765 4204 sensus
1824 4143 2073 4205 accedat
2130 4165 2380 4224 necesse
