2890 4778
822 469 825 472 ¹
1220 491 1225 494 ,
2166 378 2317 454 289

314 556 563 636 Nobis
600 557 695 633 ad
737 557 1223 665 indagandum
1269 534 1655 660 fugitivum
1702 561 1892 636 illud
1932 590 2125 637 nunc
2168 558 2328 641 non‘

333 714 441 769 est
500 694 751 770 otium.
876 695 1206 773 Defessus
1269 694 1470 804 enim
1515 718 1676 764 sum
1722 693 1960 804 taedio
2010 699 2321 771 scriben-
2397 666 2404 674 .

332 827 457 924 di;
523 815 726 930 quod
794 828 1008 927 longe
1081 834 1354 927 maiore
1435 853 1654 927 opera
1718 828 1901 903 mihi
1981 830 2326 925 constitit,

334 990 549 1063 quam
599 949 1133 1059 emendationes
1178 961 1390 1063 ipsae.
1491 965 1614 1036 Tu
1657 973 1880 1058 vero,‘
1918 955 2328 1040 doctissime
2439 953 2444 962 “

327 1118 407 1173 et
456 1093 882 1172 amicissime
931 1071 1437 1171 Hemstcrliusi
1455 1149 1477 1190 ‚
1543 1095 1605 1169 si
1650 1096 1835 1204 quid
1879 1099 2065 1173 hinc
2105 1097 2329 1199 frugis

331 1232 671 1331 colligere
715 1223 956 1332 possis
989 1229 1088 1303 ad
1127 1254 1332 1304 curas
1380 1227 1538 1304 tuas
1589 1230 1975 1329 secundas,
2026 1261 2206 1333 quas
2252 1233 2337 1308 iu

318 1360 634 1445 ssPolluce
684 1386 759 1442 te
807 1363 1214 1465 positurum
1262 1390 1542 1458 narraS,
1601 1386 1823 1460 utere,
1869 1368 2131 1462 fruere,
2175 1374 2332 1465 jure

330 1522 462 1574 tuo
513 1520 584 1575 et
631 1499 995 1574 arbitratu.
1097 1498 1253 1573 Ubi
1308 1497 1392 1575 id
1438 1521 1722 1600 tempus
1765 1502 2077 1592 venerit,
2135 1501 2333 1579 vide·

336 1631 578 1709 bimus
634 1635 859 1730 forte,
929 1661 1022 1706 an
1072 1633 1154 1705 in
1220 1621 1474 1709 ceteris
1537 1632 1753 1734 hujus
1801 1636 2010 1713 libris
2054 1637 2335 1738 aliquid
2419 1642 2472 1694 -”

336 1769 549 1844 nobis
595 1790 965 1865 occurrat,
1008 1764 1216 1869 quod
1267 1765 1719 1843 doctissimos
1760 1770 2072 1846 editores
2117 1774 2333 1873 fuge-

338 1903 454 1978 rit.
553 1902 750 1995 Etsi,
792 1924 877 1979 ut
910 1930 1164 1996 verum
1204 1902 1466 2011 fatear²
1510 1904 1862 1980 rationem
1912 1907 2199 1981 consilii
2228 1908 2337 1983 tui

338 2038 674 2115 nondum
718 2038 1102 2144 perspicio,
1207 2037 1391 2126 Quis
1456 2040 1651 2115 enim
1701 2042 2192 2144 typographus
2252 2044 2343 2117 li-

341 2173 558 2246 brum
605 2173 845 2248 denuo
897 2171 1235 2268 recudet,
1295 2174 1491 2247 mole
1541 2202 1677 2248 -sua
1736 2195 1809 2249 et
1835 2179 2090 2278 ‘pretio
2141 2179 2343 2252 labo·-

299 2306 680 2379 .rantem?
790 2305 1196 2405 Ecquando
1256 2309 1515 2383 omnia
1594 2335 1905 2412 nuperae
1979 2311 2342 2391 Editionis

350 2439 782 2547 exemplaria
865 2438 1397 2523 divendentur?
1526 2442 1649 2517 Tu
1718 2442 1936 2541 igitur
2007 2449 2347 2530 certiores
2369 2449 2524 2531 518

306 2594 485 2649 “nos
546 2573 801 2669 facies,
862 2600 1011 2675 quo
1077 2596 1291 2675 pacto
1348 2595 1419 2651 et
1469 2557 1617 2679 {luo
1671 2579 2004 2663 instituto
2058 2582 2344 2677 iterum,

353 2732 440 2784 ut
488 2735 729 2783 narras
746 2765 771 2806 ‚
837 2732 1203 2809 auctorem
1250 2709 1449 2786 hunc
1509 2712 1798 2816 aggredi
1842 2715 2043 2799 ,velis-
2144 2716 2346 2809 Vale,

351 2846 467 2920 vir
521 2843 1037 2944 eruditissime,
1087 2869 1162 2922 et
1204 2875 1356 2945 me,
1408 2849 1613 2949 quod
1657 2850 1882 2953 facis}
1910 2874 2142 2929 amare
2185 2875 2346 2950 per-

290 3074 294 3085 ,
355 3007 461 3082 ge.
558 2979 1085 3082 Cantabrigiac‚
1126 2984 1259 3061 IX.
1307 2983 1427 3061 die
1467 2983 1670 3060 Junii
1721 2983 2217 3062 MDCCVIII.

1124 3356 1546 3376 flvm-
