2890 4778
433 424 655 526 ,3²

544 612 769 709 ajunt,
799 627 965 708 post
987 605 1249 681 festum
1272 602 1365 681 sit
1390 603 1489 681 ad
1516 631 1651 680 nos
1676 625 2207 706 perventurum.
2268 605 2547 703 Poterit

545 742 904 818 committi
980 739 1405 837 ‚Wetsoenio
1423 793 1447 836 ,
1551 738 1998 842 bibliopolae
2076 738 2547 817 Amsteroda-

543 878 810 953 mensis
860 876 1101 971 fratri,
1182 874 1313 975 qui
1352 900 1547 948 nunc
1588 874 1786 975 apud
1842 900 1972 953 vos
2031 897 2541 952 commoratur.

539 1013 628 1089 Si
704 1036 984 1087 summe
1060 1008 1517 1087 Reverendus
1603 1009 2007 1112 Episcopus
2085 1009 2162 1085 N
2163 1010 2547 1088 orvicensis

540 1148 1047 1224 Tullianarum
1126 1144 1714 1225 emendationum
1815 1144 2236 1246 Tanaquilli
2324 1147 2545 1223 Fabri

505 1254 617 1361 ¹et
674 1282 1036 1359 editionis·
1070 1282 1391 1357 Venetae
1452 1280 1626 1355 anui
1700 1278 1806 1355 M.
1823 1280 2355 1357 CCCCLXXI.
2420 1309 2548 1359 co⁴

537 1420 762 1524 piamss
793 1418 1009 1495 nobis
1073 1418 1307 1490 facere
1386 1413 1736 1513 voluerit,
1825 1443 2132 1515 quarum
2209 1437 2288 1491 tu
2358 1417 2550 1493 olim

535 1583 743 1659 spem
780 1551 1048 1647 fecisti,
1086 1556 1278 1625 recte
1307 1547 1513 1624 credi
1540 1549 1807 1651 poterit
1835 1550 2075 1626 eidem
2104 1552 2540 1630 Wetstenio.

681 1685 1183 1779 Praeconium·
1213 1684 1468 1761 vestris
1534 1685 1616 1759 in
1677 1685 2106 1762 Ciceronem
2166 1687 2538 1764 beneficiis

539 1824 869 1902 debitum
884 1876 909 1920 ,
996 1821 1067 1896 si
1129 1820 1289 1899 vivo
1305 1874 1335 1912 ,
1415 1848 1570 1899 non
1651 1819 2162 1898 desiderabunt
2231 1825 2537 1900 le'etores

404 1966 419 1981 ¹
536 1959 813 2055 Tullii,
875 1982 1011 2035 nec
1049 1983 1176 2033 vos
1205 1978 1441 2056 gratae
1474 1957 1862 2034 voluntatis
1903 1958 2244 2034 officium.
2346 1959 2542 2036 Utor

536 2118 677 2198 ego
714 2094 1008 2195 antiqua
1049 2092 1463 2168 orationum
1500 2093 1799 2168 istarum
1843 2092 2164 2170 editione
2204 2096 2378 2170 anni
2421 2123 2538 2174 se·

535 2216 860 2333 quentis,
918 2226 1083 2327 sed,
1147 2230 1275 2303 cui
1319 2257 1472 2305 nou
1513 2227 1921 2330 adscriptus
1980 2254 2089 2308 est
2134 2232 2343 2307 locus
2402 2233 2535 2306 uhi

531 2364 846 2470 prodiit,
907 2392 1158 2443 verum
1202 2364 1388 2442 haec
1448 2363 1796 2464 disticha3

635 2569 806 2646 Hoc
844 2570 1093 2672 ingens
1122 2547 1495 2646 Ciceronis
1531 2595 1736 2671 opus,
1783 2539 2170 2669 causasque
2210 2541 2548 2644 forenses=

710 2681 717 2812 ,μ
738 2705 934 2795 Quas
983 2706 1170 2780 inter
1215 2728 1451 2810 patres
1510 2703 1691 2781 dixit
1741 2729 1812 2780 et
1859 2707 1937 2779 iu
1974 2703 2279 2808 populo.
2547 2683 2552 2686 .

630 2842 751 2918 Tu
779 2837 1205 2943 'quicunque
1247 2843 1440 2941 leges
1484 2843 1894 2940 Ambergau
1936 2855 2141 2916 natus
2178 2839 2428 2916 ahenis

732 2961 1107 3079 Impiessit
1149 2976 1421 3078 formis.
1522 2976 1710 3051 Ecce
1743 2974 2096 3074 *magister
2142 2975 2410 3054 Adam.

528 3178 898 3257 Francisci
943 3176 1146 3251 Junii
1188 3204 1370 3280 opus
1422 3175 1515 3252 de
1563 3176 1882 3276 pictura,
1945 3175 2248 3270 infinitis
2287 3185 2527 3259 modis

402 3314 506 3385 56
528 3315 807 3391 auctius
870 3334 945 3389 et
1015 3313 1479 3416 locupletius,
1546 3341 1716 3386 cum
1779 3311 2104 3388 secundo
2167 3321 2367 3392 {omo
2429 3317 2523 3394 de

528 3448 867 3550 operibus
910 3470 1231 3525 veterum
1274 3448 1623 3549 opjficum
1653 3445 2043 3550 ἅνεκδότῳ
2081 3449 2212 3520 sub
2254 3434 2526 3550 proelis

524 3612 681 3662 esse
722 3609 990 3688 nuper,
1052 3585 1316 3680 credo,
1377 3582 1790 3681 significavi.
1856 3627 1862 3643 ·
1906 3583 2252 3662 Berolino
2293 3588 2546 3688 perlaq.

523 3741 681 3795 tum
727 3719 951 3796 modo
1017 3720 1113 3795 ad
1156 3747 1290 3794 nos
1353 3738 1463 3791 est
1510 3717 1967 3819 spicilegium
2016 3719 2536 3820 antiquitatum·

521 3855 817 3955 Begeri,
864 3856 971 3960 ,³¹¹
1047 3883 1201 3953 quo
1269 3875 1439 3927 sunt
1505 3853 1805 3955 quidem
1886 3855 2170 3928 nummi
2241 3855 2540 3950 inediti,

519 3991 654 4065 sed
694 3989 948 4091 pauci,
993 3990 1258 4090 ¹plures
1306 4016 1626 4088 gemmae
1646 4043 1670 4086 ,
1747 4009 2056 4085 statuae,
2138 4010 2213 4066 et
2269 3988 2540 4096 inseri-j

520 4125 828 4225 ptiones.
968 4124 1099 4202 :Ibi
1182 4152 1474 4229 quoque
1539 4130 1688 4224 ¹jam
1763 4123 2030 4202 excudi
2101 4123 2546 4200 thesaurum·
