2890 4778
2227 397 2316 465 ὦ

326 567 713 628 claudicante
729 611 747 643 ‚
814 577 876 628 et
929 564 1200 626 dictione
1257 564 1721 636 soloecissante·
1777 568 1914 648 lege
1952 581 2025 632 ut
2064 574 2312 654 utrique
2393 569 2398 574 ’

323 671 482 737 vitio
523 669 836 732 medicina
880 667 1004 744 fiat,

583 779 773 861 Εἰκὸς
830 781 900 851 δὲ
959 781 1255 868 μᾶλλον
1310 781 1454 858 τοὺς
1504 784 1788 870 γέροντας
1853 812 1897 869 η
1960 787 2182 863 νέους
2244 815 2318 856 τι

1152 878 1386 950 κλάειν

484 1006 719 1068 Iterum
757 1004 1028 1080 ibidem,
1082 1002 1185 1080 [K.
1223 1002 1519 1068 v·143o.
1560 1033 1648 1049 -
1690 1003 1791 1072 Br.
1832 1025 1894 1065 v.
1945 1005 2157 1081 1428.]
2195 1001 2321 1082 Ὧς

321 1106 466 1183 τοὺς
519 1109 780 1193 πατέρας
837 1102 1161 1190 ἀμύνεται,
1227 1109 1426 1177 καίτοι
1480 1099 1841 1189 διαφέρουσ’
1894 1102 2087 1173 οὗδέν.
2205 1108 2322 1169 Hic

323 1216 701 1291 Anapaestus
764 1218 857 1268 est
909 1210 980 1268 in
1031 1209 1171 1269 loco
1236 1207 1585 1290 penultimo
1654 1228 1773 1289 pro
1841 1209 2153 1270 tribracho
2217 1211 2321 1272 vel

322 1313 653 1390 trochaeo,
710 1305 859 1393 quos
902 1312 1066 1371 solos
1106 1311 1377 1372 admittit
1416 1311 1603 1369 metri
1639 1311 1761 1370 lex.
1847 1310 2008 1393 Lege
2047 1313 2238 1394 igitur

982 1461 1071 1475 -—-
1118 1432 1321 1494 καίτοι
1362 1423 1643 1512 διέφερον
1687 1422 1867 1493 οῦδὲν

569 1528 795 1614 Ἠμῶν
848 1532 1072 1597 ἐκεῖνοι
1114 1564 1200 1579 --
1887 1537 1894 1552 ’

479 1649 808 1729 Agnoscis,
903 1648 1160 1727 opinor,
1239 1656 1489 1727 praeter
1559 1649 1742 1708 metri
1810 1650 2312 1729 concinnitatem,
2357 1657 2484 1721 454

319 1751 507 1811 etiam
561 1751 930 1831 elegantiam
994 1747 1301 1810 dictionis,
1389 1749 1734 1811 Praeterita
1789 1751 2147 1833 hujusmodi
2205 1756 2322 1816 ha·-

314 1854 463 1913 bere
524 1855 730 1914 solent
781 1854 914 1914 vim
972 1853 1318 1932 praesentis
1379 1862 1444 1912 et
1499 1853 1671 1934 quasi
1723 1857 2014 1934 perpetui
2066 1856 2319 1936 quidem

313 1957 624 2035 temporis.
732 1956 911 2017 Pleni
950 1964 1093 2014 sunt
1133 1955 1668 2034 exemplorum-et
1710 1954 1931 2024 Graeci
1973 1966 2035 2017 et
2074 1959 2317 2039 Latini;

313 2058 423 2117 sed
467 2070 529 2118 et
573 2061 758 2120 etiam
800 2049 1188 2140 πεζογράφοι.
1287 2056 1523 2117 Eadem
1561 2059 1817 2137 pagina,
1885 2058 1989 2138 [K.
2027 2080 2087 2121 v.
2130 2062 2315 2127 1444.

311 2185 400 2206 -·-
441 2159 541 2221 Br.
582 2181 645 2223 v.
699 2159 912 2240 1442]
953 2160 1044 2216 sic
1081 2158 1313 2217 habent
1351 2159 1687 2218 editiones:

577 2294 733 2364 Παῖς
773 2286 887 2373 32²7,-
931 2287 1175 2366 δίδαξον
1214 2283 1328 2455 ἳδξρ
1367 2295 1440 2354 τί
1480 2284 1670 2376 δῆμ’
1720 2293 1785 2356 ἐκ
1823 2288 2116 2360 τούτων
2155 2296 2313 2372 ἕπω-

1141 2416 1215 2474 φε
1257 2416 1437 2476 ησεις.

485 2529 712 2589 Versus
768 2525 981 2597 mendi
1043 2536 1136 2586 est
1187 2526 1581 2603 manifesta-*13
1649 2547 1830 2607 quem
1882 2537 1952 2587 tu
1999 2551 2079 2591 ex
2133 2530 2308 2593 Msto

208 2640 215 2646 ’
316 2630 615 2689 Vaticano
684 2628 773 2686 sic
840 2629 895 2686 is
971 2628 1404 2705 emendatum,
1488 2630 1554 2692 ἐκ
1608 2623 1905 2695 τούτων
1962 2627 2306 2716 ὠφελήσεις.

313 2732 566 2793 Interim
608 2752 739 2792 non
782 2724 1223 2795 animadvertis
1271 2730 1457 2791 etiam
1500 2742 1675 2790 tuum
1717 2732 1899 2792 illum
1948 2755 2077 2794 esse
2130 2757 2308 2813 men·-

315 2836 569 2911 dosutn3
640 2833 982 2914 spondaeus
1058 2824 1285 2914 quippe
1352 2834 1559 2892 locum
1646 2833 1947 2895 Trochaei
2030 2849 2303 2917 occupat.

311 2936 492 3007 Unde
529 2924 751 2996 iterum
798 2935 1111 3014 deprendo
1158 2935 1433 2995 codicem
1475 2937 1657 2995 illum
1700 2938 2113 2997 recentiorem
2152 2959 2303 3015 esse,

310 3059 511 3119 neque
564 3038 755 3098 ullius
812 3036 942 3099 fere
998 3037 1407 3099 auctoritatis:
1509 3037 1607 3097 Tu
1650 3039 1741 3097 sic
1782 3040 1992 3099 verbis
2035 3040 2301 3116 inversis

306 3143 517 3211 locum
564 3141 921 3217 constitues,

572 3261 719 3332 Πῶς
776 3250 887 3340 62⁸1,-
965 3238 1210 3334 δίδαξον
1259 3252 1376 3340 γάρ
1434 3262 1513 3321 τί
1569 3254 1660 3341 δή
1722 3253 1794 3320 ’x
1860 3254 2161 3323 τούτων
2220 3255 2300 3343 μ’.

1133 3353 1571 3442 ἐπωφελήσεις

300 3482 437 3557 vel,
512 3498 666 3559 quae
727 3478 859 3536 sola
918 3498 1067 3538 vera
1119 3478 1308 3538 lectio
1366 3486 1490 3555 est,
1536 3508 1624 3524 -
1671 3473 1934 3555 δίδαξον
1952 3477 2068 3563 γὰρ
2108 3484 2177 3544 τί
2216 3475 2294 3565 δή

301 3584 370 3663 μ’
418 3583 484 3647 ἐκ
522 3566 752 3645 τῶνδ’
794 3574 1223 3663 ἐπωφελήσεις,
1286 3590 1348 3638 et
1389 3580 1480 3638 sic
1522 3582 1747 3640 excudi
1784 3581 2125 3641 versiculus
2177 3582 2288 3642 de-

299 3686 421 3744 bet.
518 3680 669 3743 Mox
730 3682 830 3763 [K.
873 3703 932 3744 v.
987 3683 1168 3742 1446.
1211 3715 1296 3727 —-
1336 3681 1435 3741 ΒΓ.
1484 3704 1540 3740 v
1594 3680 1806 3764 1444.]
1861 3703 2076 3744 versus
2133 3682 2288 3741 duos

299 3783 463 3843 male
509 3783 849 3864 disjunctos
893 3796 957 3846 et
1003 3786 1329 3851 mendosos
1375 3804 1651 3865 quoque,
1721 3783 1802 3846 ad
1840 3804 2033 3844 unum
2072 3782 2286 3862 redigo

298 3885 422 3947 hoc
457 3883 680 3960 mod03

554 4015 767 4087 Tow'.
811 4023 1012 4108 ἕτερον
1063 4009 1145 4089 αὖ
1201 4023 1400 4103 μεῖζον
1453 4014 1668 4099 κακόν..
1752 4021 1931 4083 (DEI.
1970 4023 2032 4084 τί
2081 4014 2147 4087 δ’,
2203 4011 2283 4083 ἓν

1124 4123 1270 4207 ἔχων
1310 4122 1417 4187 τὸν
1457 4111 1618 4203 ἥττω

365 4232 653 4299 Additum,
1578 4241 1613 4279 e
