2890 4778
1428 401 1456 420 ..
2195 384 2280 455 95

462 559 670 642 Pergit
702 560 1028 624 Terentius
1075 582 1132 625 v.
1173 561 1274 623 40.
1615 532 1626 537 -

1542 656 1800 740 denique

379 766 755 836 nullumssst
779 769 927 841 jam
974 759 1249 840 dictum,
1321 761 1493 846 quod
1528 751 1651 823 non
1689 739 2049 822 dictum'sit
2080 764 2284 840 priua.

294 871 637 966 „Quinque
666 904 746 944 ex
795 884 1080 962 nostris,“
1120 887 1357 964 inquit,
1411 909 1584 957 „non
1616 889 1703 946 eit
1742 883 1995 944 dictum.
2084 879 2282 943 Credo

230 1049 239 1058 „
290 997 577 1068 „poetam
621 989 707 1046 sic
755 987 1020 1047 dedisse:

547 1077 832 1186 „nullum'
886 1117 979 1164 est
1010 1111 1162 1188 jam
1212 1105 1487 1176 dictum,
1566 1104 1803 1164 dictum
1844 1103 2006 1186 quod
2043 1124 2166 1164 non
2204 1106 2286 1163 sic

1536 1211 1735 1287 prius.
1801 1246 1805 1250 -

288 1341 400 1407 „ut
440 1351 626 1412 supra
667 1352 726 1390 v.
776 1348 877 1409 27.
1573 1321 1580 1328 ’

544 1458 650 1531 „si
696 1451 770 1512 id
810 1462 899 1509 est
936 1458 1264 1531 peceatum
1281 1488 1304 1518 ,
1342 1457 1673 1527 peccatum
1716 1440 2138 1525 imprudentia
2177 1453 2312 1515 est.)

291 1568 401 1648 „In
453 1582 712 1653 utroque
766 1572 906 1631 loco
962 1570 1136 1649 prius
1196 1588 1425 1627 nomen
1489 1577 1612 1643 est,
1687 1565 1991 1645 posterius
2028 1565 2284 1645 partici-

289 1675 561 1753 „pium.“
642 1676 810 1736 Bene
853 1675 1114 1747 factum,
1177 1670 1340 1750 quod
1381 1669 1543 1728 hanc
1585 1667 2003 1748 conjecturam
2039 1687 2166 1726 non
2213 1665 2281 1725 in

188 1833 195 1838 .
289 1786 525 1837 textum
569 1778 816 1853 intulit3
897 1776 1060 1834 male
1100 1774 1364 1849 factum,
1425 1771 1601 1852 'quod
1651 1769 1908 1850 reliquit
1959 1770 2028 1829 in
2084 1778 2282 1844 textu,

291 1878 459 1957 quod
494 1902 619 1939 non
656 1873 892 1939 dictum
931 1882 1015 1936 sic
1047 1881 1245 1956 prius.
1347 1873 1427 1934 Et
1468 1874 1826 1954 conjectura
1868 1873 2116 1952 quidem
2162 1875 2280 1935 ista

288 2001 417 2040 non
489 2004 613 2043 uno
687 1983 942 2042 nomine
1015 1980 1191 2040 mala·
1249 1988 1355 2039 est.
1430 1979 1689 2052 n-Primo,
1760 1976 1927 2058 quod
1985 1976 2101 2035 ista
2157 1975 2278 2036 duo

291 2084 575 2163 exempla
610 2106 740 2144 non
779 2093 1037 2163 possunt
1073 2083 1237 2140 inter
1277 2101 1341 2138 se
1383 2079 1746 2168 comparari.
1829 2078 1989 2140 Nam
2024 2088 2094 2137 ut
2134 2098 2281 2140 ver-

287 2186 436 2244 bum
492 2187 561 2244 in
616 2196 875 2264 utroque
926 2184 1094 2242 idem
1151 2183 1484 2261 repetitum
1535 2182 1653 2259 sit,·
1750 2190 1821 2238 ut
1884 2182 1954 2240 id
2022 2184 2286 2244 verbum.

291 2273 614 2364 utrobique
661 2289 862 2367 primo
904 2304 1163 2356 nomen,
1210 2283 1433 2344 deinde
1475 2282 1868 2364 participium
1908 2284 2018 2344 sit:
2070 2296 2280 2344 tamen
2317 2309 2405 2355 22

290 2371 361 2444 in
402 2388 597 2447 altero
643 2389 1013 2468 paucissima
1054 2397 1199 2446 sunt
1238 2388 1460 2462 verba,
1532 2407 1791 2466 quorum
1842 2388 2101 2467 nonnisi
2153 2389 2278 2457 du-

289 2490 441 2569 plex
486 2492 738 2570 cogitari
780 2492 1106 2550 collocatio
1143 2500 1378 2570 potest,
1448 2500 1554 2549 aut
1594 2490 1739 2565 illa,
1815 2511 1934 2569 qua
1987 2511 2128 2550 usus
2186 2500 2279 2551 est

292 2601 505 2671 poeta,
580 2604 683 2654 aut
707 2593 901 2670 haec,
964 2592 1386 2674 imprudentia
1418 2604 1760 2672 peccatum
1796 2605 1902 2653 est.
2007 2593 2277 2674 Uterque

288 2695 510 2773 planus
568 2707 659 2755 est
695 2707 780 2767 ,et
837 2698 1192 2757 commodus
1268 2698 1419 2756 ordo
1490 2697 1843 2756 verborum.
1938 2695 2011 2755 In
2078 2698 2274 2757 altero

290 2808 492 2858 autem
547 2800 832 2879 exemplo
892 2801 1081 2869 verba
1119 2812 1265 2861 sunt
1304 2800 1533 2877 multa,
1604 2822 1867 2881 quorum
1908 2815 2035 2862 tres
2076 2802 2275 2862 bonae

291 2910 433 2960 sunt
477 2911 538 2960 et
577 2911 754 2981 aptae
799 2882 1264 2984 collocationes:
1304 2902 1472 2982 quod
1509 2924 1633 2963 non
1672 2904 1911 2963 dictum
1951 2907 2034 2962 sit
2061 2906 2277 2982 prius:

291 3002 457 3082 quod
493 3025 612 3062 non
651 3007 737 3062 sit
778 3004 1017 3063 dictum
1052 3009 1272 3085 prius:
1313 3005 1483 3085 quod
1517 3028 1641 3067 non
1673 3010 1855 3087 prius
1894 3010 1976 3065 sit
2015 3007 2272 3065 dictum.

289 3105 535 3186 Ineptae
580 3116 783 3167 autem
835 3118 1006 3184 sunt,
1090 3094 1597 3189 quaecumque-a
1652 3113 1844 3173 verbo
1892 3108 2128 3169 dictum
2166 3110 2272 3169 in-

290 3209 560 3289 cipiunt,
623 3220 724 3283 ut,
785 3208 1021 3269 dictum
1065 3210 1230 3291 quod
1267 3233 1383 3271 non
1420 3217 1502 3271 sit
1535 3218 1759 3293 prius.-
1835 3213 2070 3272 dictum
2113 3206 2278 3293 quo'd

277 3314 464 3391 prius
507 3331 627 3370 non
666 3315 784 3371 sic.-
858 3314 1094 3372 dictum
1121 3319 1308 3394 prius
1349 3314 1516 3394 quod
1551 3337 1676 3376 non
1714 3319 1817 3375 sic.
1914 3314 2098 3375 Ratio
2141 3336 2273 3375 non

287 3425 379 3475 est
421 3417 695 3477 obscura.
759 3404 851 3475 ·In
894 3418 1200 3497 principio
1238 3421 1401 3479 enim
1442 3420 1812 3480 collocatum
1853 3419 1973 3479 hoc
2014 3421 2272 3481 verbum

286 3505 735 3599 oppositionem
789 3521 1053 3600 aliquam
1107 3522 1344 3581 indicat
1394 3533 1457 3582 et
1498 3523 2016 3604 comparationem
2059 3524 2137 3583 ad
2182 3520 2270 3598 ea‘,

289 3637 436 3694 quae
477 3643 607 3681 non
647 3625 771 3682 sint
808 3624 880 3682 in
924 3624 1187 3684 dicendo
1230 3625 1448 3705 posita.
1537 3625 1691 3686 Tale
1747 3627 1898 3707 quid
1946 3627 2111 3686 enim
2169 3627 2271 3685 in·-

287 3720 561 3798 telligere
625 3729 933 3808 cogimur:
1013 3729 1256 3787 nullum
1310 3739 1402 3789 est
1464 3729 1735 3808 dictum,
1818 3730 2049 3790 dictum
2105 3726 2270 3804 quod

287 3841 416 3879 non
470 3823 552 3880 sit
606 3829 804 3904 prius,
872 3829 983 3889 sed
1025 3833 1383 3911 cogitatum,
1451 3832 1562 3890 sed
1597 3833 1847 3892 factum.
1913 3892 1916 3895 ,
1962 3829 2150 3908 Atqui
2198 3827 2268 3889 id

287 3924 560 3984 alienum
603 3937 695 3985 est
735 3931 809 3990 ab
849 3931 970 3992 hoc
1011 3933 1170 3997 loco.
1280 3933 1463 4005 Quod
1505 3935 1561 3993 si
1600 3931 1946 3995 necessario
1984 3954 2020 3992 a
2057 3933 2266 3993 verbis

286 4024 453 4105 quod
493 4048 616 4088 non
651 4029 897 4093 initium
935 4034 1073 4095 fieri
1118 4035 1333 4111 debet,
1386 4057 1531 4110 cur,
1588 4037 1754 4116 quod
1800 4035 1989 4097 modo
2027 4034 2263 4115 signifi-

288 4130 568 4193 cabamus
606 4141 774 4192 recte
818 4134 968 4213 dici,
1012 4135 1178 4217 quod
1221 4157 1341 4197 non
1382 4137 1619 4199 dictum
1661 4140 1747 4197 cie
1776 4141 1964 4221 priua
1977 4181 2004 4216 ,
2043 4140 2113 4201 id
2145 4139 2262 4202 hoc
