2890 4778
2242 361 2366 430 ‘71

375 534 662 597 editionis
705 534 784 594 ad
823 543 939 595 mo‘
965 532 1090 593 huc
1133 532 1552 610 transmittas,⁴
1611 533 1722 595 ubi
1763 531 1956 597 semel
1996 554 2207 598 omnes
2248 558 2363 600 va·

331 640 623 698 ,riantes‘
656 637 959 697 lectiones
1016 636 1086 698 in
1145 637 1278 718 ejus
1340 636 1616 717 margine
1678 637 2104 717 descripseris:
2193 644 2361 718 quod

362 751 539 800 tuum
581 740 820 819 insigne
862 733 1229 799 beneficium
1271 738 1508 799 duobus
1553 759 1755 800 novae
1808 739 2097 799 editionis
2146 760 2360 803 exem..

365 841 643 924 plaribus
684 843 972 921 pensabo.
1073 840 1236 901 Illud
1280 861 1523 921 quoque
1568 851 1631 901 et
1669 841 1812 902 heic
1856 850 1918 902 et
1961 843 2030 903 in
2070 842 2208 901 aliis
2256 843 2289 922 (
2299 846 2357 903 si

365 946 608 1025 quando
653 944 807 1002 olim
848 945 918 1002 in
962 942 1153 1001 Mstis
1192 942 1587 1002 conserendis
1628 963 1878 1022 operam
1930 953 2100 1005 tuam
2154 945 2357 1004 collo-

365 1046 576 1123 cabis)
629 1054 691 1105 te
758 1045 1141 1104 admonuisse
1197 1066 1327 1104 non
1374 1046 1508 1106 erit
1563 1045 1816 1122 inutile;
1865 1048 2066 1110 multa
2107 1046 2239 1105 scil.
2277 1048 2353 1107 in

304 1207 319 1212 „
362 1149 615 1209 vetustis
691 1145 878 1206 MStis
948 1148 1096 1207 sub.
1135 1156 1415 1229 tempore
1485 1148 1935 1206 renascentium
2001 1149 2351 1208 litterarum

359 1254 485 1335 jam
540 1251 614 1308 ab
674 1250 851 1308 annis
908 1250 1156 1308 circiter
1208 1250 1500 1309 trecentis
1555 1249 1931 1329 interpolata
1984 1249 2201 1326 fuisse,
2288 1257 2352 1309 et

359 1372 551 1413 novas
605 1351 899 1410 lectiones
950 1352 1189 1416 intrudi
1246 1353 1491 1428 solitas,
1548 1352 1857 1431 prioribus
1914 1351 2117 1410 erasis.
2209 1348 2349 1427 Eas,
2409 1368 2418 1378 ⁸

364 1456 417 1513 si
471 1472 623 1533 quae
677 1454 748 1511 in
804 1462 1011 1512 vestro
1066 1453 1280 1513 codice
1334 1455 1596 1529 fuerint,
1667 1464 1736 1513 ut
1780 1455 1915 1513 sine
1956 1454 2147 1513 dubio
2185 1459 2345 1529 sunt,

358 1556 541 1616 facile
590 1555 709 1615 erit
757 1556 874 1614 tibi
927 1537 1285 1635 dignoscere
1337 1558 1442 1617 vel
1483 1578 1520 1614 a
1565 1557 1771 1615 colore
1817 1555 2172 1633 atramenti,
2237 1556 2344 1615 vel

361 1680 399 1717 a
441 1658 630 1716 ductu
666 1658 1042 1732 litterarum,
1103 1660 1208 1719 vel
1249 1680 1284 1717 a
1327 1658 1601 1737 vestigiis
1644 1675 1925 1733 rasurae,
1977 1678 2132 1737 quae
2172 1677 2341 1716 nun-
2423 1663 2430 1672 ’

359 1781 542 1840 quam
578 1760 906 1820 evanescit.
987 1758 1152 1819 Illud
1193 1761 1384 1840 igitur
1426 1759 1753 1839 diligenter
1796 1762 2067 1835 curabis,
2112 1768 2182 1818 ut
2207 1760 2342 1819 sin-

356 1863 498 1942 gula
548 1862 687 1921 loca
739 1851 1030 1937 indicesj
1086 1883 1239 1942 quae
1284 1885 1320 1921 a
1358 1883 1547 1921 manu
1586 1862 1852 1921 secunda
1897 1871 1958 1921 et
1996 1862 2340 1940 interpola·-

355 1964 506 2024 trice
546 1963 672 2023 siut
711 1973 977 2040 mutataq
1020 1975 1098 2039 et,
1143 1964 1196 2023 si
1239 1963 1374 2036 fieri
1414 1966 1660 2045 poterit,
1706 1964 2147 2044 deprehendas,
2189 1964 2340 2043 quid

355 2069 504 2126 olim
560 2087 598 2125 a
652 2066 1097 2145 prima'manu
1149 2068 1444 2143 scriptum
1500 2067 1720 2140 fuerit,
1787 2068 1899 2123 sub
1955 2086 2166 2123 rasura
2220 2068 2338 2123 illa

352 2188 523 2227 nunc
576 2168 839 2225 latitans.
957 2167 1180 2239 Porr0,
1268 2187 1349 2224 ne
1399 2168 1881 2243 integra'verba
1931 2164 2333 2225 describendo

353 2278 551 2327 totum
611 2257 945 2344 marginem
1000 2267 1290 2325 editionis
1352 2275 1491 2324 tuae
1549 2265 1829 2344 oppleas'‚
1901 2267 2084 2324 satius
2131 2266 2333 2342 fuerit,

354 2370 592 2430 litteras
634 2354 873 2426 tantum
910 2368 1145 2427 lineola
1188 2368 1481 2427 subducta
1522 2364 1765 2451 notare²
1838 2377 1898 2427 et
1939 2369 2008 2427 in
2056 2371 2378 2447 margine.

354 2471 665 2533 variantes
721 2489 1024 2547 reponere
1093 2470 1260 2535 hunc
1326 2471 1393 2528 in
1464 2470 1731 2529 modum.
1827 2469 1967 2550 Pag.
2022 2481 2331 2552 postrema

353 2572 496 2633 tuae
540 2570 865 2648 editionis,
938 2593 1125 2632 versu
1160 2573 1506 2648 undecimO,

435 2712 546 2751 sua
613 2690 850 2749 lumina
981 2750 1095 2802 unt
1382 2691 1653 2769 Cumque
1716 2710 1883 2770 vaga
1939 2702 2028 2748 est
2086 2689 2202 2749 illa
2266 2700 2335 2769 et·

521 2811 557 2852 e
606 2717 954 2862 sublimia}
1328 2787 1409 2875 ’ᾗ
1474 2796 1658 2851 terris
1697 2814 1805 2853 sua
1841 2794 2076 2883 lumina
2120 2790 2327 2850 condit

1003 2912 1084 2976 Et
1123 2935 1313 2975 versu
1349 2916 1500 2975 ibid.
1551 2918 1641 2976 15.

603 3038 668 3077 m
1438 3022 1618 3079 Tunc
1662 3017 1944 3098 conferta
1985 3018 2130 3076 licet
2174 3017 2329 3075 coeli

1444 3158 1486 3204 4
1652 3121 1978 3202 fulgentia
2018 3121 2247 3200 templa

350 3238 422 3297 lu
447 3269 481 3280 -
514 3235 681 3296 deest
710 3269 745 3282 -·
776 3256 883 3296 um
1008 3237 1264 3297 Cernere
1349 3236 1687 3297 seminibus
1777 3238 1979 3297 densis
2067 3239 2324 3320 totisque

1669 3359 1900 3397 macare

348 3455 458 3515 Ms.
497 3473 548 3514 1.
581 3473 639 3516 2.
669 3466 822 3517 vant
903 3475 964 3517 2.
1001 3456 1286 3517 floribus
1338 3468 1443 3518 aut
1492 3459 1692 3516 siccae
1745 3479 2000 3516 curvum
2044 3478 2158 3538 per
2212 3458 2324 3517 lic-

1662 3571 1763 3619 tus
1801 3581 2050 3637 arenae,
2390 3546 2403 3557 ’

354 3672 523 3733 deest
591 3675 738 3737 dum
900 3694 951 3735 1.
992 3677 1124 3739 Nec
1162 3681 1430 3758 spatium
1472 3678 1700 3750 stellis,
1772 3681 2002 3738 mundo
2058 3698 2173 3737 nec
2228 3697 2329 3735 ce-

602 3797 705 3835 ma
1670 3781 1811 3839 dere
1838 3782 2166 3862 summam.

524 3888 648 3947 Has
702 3892 866 3952 enim
919 3894 1286 3956 crediderim
1325 3899 1694 3958 variationes
1739 3899 2016 3957 codicem
2057 3905 2333 3955 vestrum
2406 3960 2427 3978 μ

357 3991 682 4066 exhibere,
749 4003 820 4051 ut
875 4014 954 4054 ex
1006 3996 1146 4055 aliis
1204 3999 1516 4058 codicibus
1569 4001 1718 4058 licet
1770 3999 2096 4078 conjicere.
2182 3997 2331 4069 Quis

359 4113 509 4153 vero
567 4112 691 4153 non
752 4104 1036 4174 portenta
1088 4096 1242 4157 haec
1282 4100 1572 4165 dixerit?
1657 4100 1930 4180 Scaliger
1971 4110 2164 4177 certe,
2228 4103 2329 4181 qui
