2890 4778
2232 416 2515 504 8⁵,-

323 616 528 660 carere
566 590 736 656 certe
774 595 1133 672 potuissent.
1223 588 1348 650 Cur
1388 593 1593 651 autem
1611 601 1614 604 '
1630 589 1733 652 hic
1780 590 1967 667 illud,
2034 572 2164 652 nisi
2197 593 2318 655 de-·

321 700 592 780 cipiendi
648 698 894 757 lectoris
954 714 1195 769 caussa,
1255 695 1445 754 tacu'it
1494 685 1867 769 Bentleius,'
1934 702 1997 753 et
2045 713 2178 751 non
2233 696 2316 758 ad

318 775 541 862 lleaut.
560 800 656 860 211.
692 800 773 875 -4,
818 815 913 857 12.
970 798 1079 856 ubi
1118 796 1305 876 plane
1344 798 1461 870 ita,
1505 805 1576 855 ut
1622 806 1682 856 et
1726 796 2003 856 Donatus
2044 805 2108 855 et
2149 795 2315 855 Pris-

320 906 531 964 cianus
577 902 868 963 videntur
907 900 1210 974 voluisse,
1266 899 1505 959 scribit:
1574 897 1872 975 „mutatio
1917 909 2009 959 est
2050 900 2315 975 numeri,
2360 901 2436 964 13

264 1023 275 1029 ·
317 990 427 1083 „ut
469 1004 624 1065 Eun.
668 1003 907 1081 Prolog.
952 1004 1014 1059 si
1051 1002 1376 1078 quiequam
1416 1012 1510 1058 est
1548 1021 1633 1047 -—
1673 1004 1744 1060 in
1781 998 1940 1061 his.“
2035 998 2127 1060 Ita
2176 1021 2315 1061 om·-

317 1110 414 1167 nis
454 1107 568 1166 illa
611 1105 939 1184 disputatio
984 1122 1060 1162 eo
1103 1102 1298 1177 redit,
1375 1112 1448 1162 ut
1496 1102 1653 1162 nihil
1704 1123 1819 1183 pro
1869 1104 1991 1163 isto
2027 1101 2319 1197 studeant

316 1209 678 1292 protulerit,
720 1227 903 1286 quam
941 1213 1229 1284 quattuor
1268 1203 1411 1263 illos
1453 1205 1645 1264 libros
1686 1204 1979 1264 Prisciani
1993 1248 2010 1281 ,
2050 1225 2315 1285 quorum

316 1332 447 1372 non
489 1309 742 1371 videtur
783 1326 1112 1389 permagna
1153 1285 1510 1365 auctoritas
1532 1328 1692 1383 esse,
1736 1327 1923 1387 quum
1970 1316 2032 1366 et
2068 1318 2316 1388 postre-

318 1433 490 1474 mum
542 1431 792 1472 versum
847 1408 1154 1467 addiderit
1207 1408 1585 1484 Priscianus,
1656 1423 1859 1488 neque
1899 1409 1977 1469 de
2015 1408 2133 1469 isto
2175 1422 2318 1469 stu-

319 1515 515 1575 deant‘
543 1512 875 1593 quidquam
914 1510 1180 1586 dixerit,
1225 1520 1287 1570 et
1328 1511 1397 1569 in
1440 1510 1536 1570 his
1554 1554 1572 1586 ‚
1624 1531 1778 1588 quae
1827 1512 1905 1572 de
1941 1512 2175 1591 plurali
2217 1514 2317 1572 di-

320 1624 436 1695 cit,
493 1618 686 1679 verba
724 1618 796 1672 in
837 1611 938 1670 his
976 1615 1180 1692 potius
1224 1622 1528 1693 spectasse
1565 1601 1881 1689 videatur,
1932 1623 2004 1674 ut
2042 1615 2147 1693 qui
2185 1614 2315 1674 Te-

316 1721 511 1796 rentii
563 1718 773 1778 locum
815 1735 956 1775 cum
995 1714 1115 1775 hoc
1157 1712 1483 1795 Sophoclis
1531 1726 1846 1794 comparet
1879 1717 1946 1775 in
1990 1713 2313 1798 Antigona,

313 1844 375 1886 v.
420 1839 560 1903 707.
1525 1895 1534 1904 ι

571 1913 733 1997 fig-tic,-
771 1912 886 2006 γὰρ
928 1917 1110 1994 αὕτός
1151 1914 1195 2003 ἢ
1232 1928 1479 2005 φρονεῖν
1511 1915 1696 2002 μόνος
1736 1917 1921 1996 δοκεῖ,

567 2017 611 2105 ἢ
648 2020 954 2107 γλῶσσαν,
1019 2015 1097 2104 ἣν
1141 2021 1250 2086 οὐκ
1289 2017 1504 2096 ἄλλος,
1570 2017 1612 2103 ἢ
1646 2019 1851 2105 ψυχὴν
1887 2024 2060 2107 ἔχειν,

571 2116 741 2190 οὗτοι
780 2122 1285 2207 διαπτυχθέντες,
1343 2118 1640 2203 ὤφθησαν
1677 2127 1855 2198 κενοί.

485 2227 779 2305 Sequitur
818 2224 1027 2283 statim
1072 2223 1237 2301 apud
1280 2221 1671 2281 Terentium:

566 2338 701 2385 tum
757 2326 816 2383 εἰ
868 2327 1010 2404 quis
1054 2334 1142 2381 est
1159 2364 1181 2394 ,
1240 2325 1349 2403 qui
1389 2322 1625 2384 dietum
1665 2328 1732 2383 in
1777 2344 1841 2383 se
1885 2322 2314 2383 inclementius

573 2426 952 2486 existimabit
992 2446 1156 2502 esse,
1225 2430 1320 2485 sic
1359 2431 1682 2487 existimet.
2337 2420 2346 2429 ’

318 2531 534 2592 Edidit
570 2529 886 2590 Bentleius
929 2530 1342 2601 existimarit,
1416 2520 1478 2590 et
1517 2531 1678 2590 hanc
1720 2529 2048 2609 adscripsit
2092 2543 2314 2609 parum

230 2614 235 2619 .
321 2633 766 2694 consideratam
808 2631 1301 2699 adnotationem:
1388 2632 1642 2709 „Plures
1700 2653 1782 2692 ex
1820 2634 2056 2692 nostris
2094 2632 2315 2690 existi-

320 2739 554 2815 „mavit
570 2777 594 2807 ,
646 2755 803 2794 unus
843 2736 1232 2795 existimabit·
1319 2735 1482 2796 Sane
1519 2736 1826 2797 sententia
1860 2735 1995 2814 ipsa
2034 2736 2313 2795 futurum

319 2839 664 2920 „postulatz
748 2840 808 2895 si
861 2837 1018 2917 quid
1070 2843 1136 2899 in
1194 2837 1310 2897 hoc
1355 2839 1607 2919 prologo
1658 2838 1949 2897 dicturus
1988 2850 2080 2894 est
2119 2835 2315 2901 incle-

321 2944 640 3020 „mentius.
723 2940 1077 3020 Legendum
1116 2952 1359 3018 tamen,
1417 2942 1788 3007 existimarit
1826 2960 1993 3013 esse,
2043 2941 2141 2996 sic
2178 2940 2314 2996 exi-

321 3048 581 3122 „stimet.
668 3043 740 3102 Si
783 3047 922 3122 quis
965 3044 1448 3120 existimaverit,
1508 3053 1578 3101 ut
1609 3063 1666 3102 v.
1709 3061 1760 3100 1.
1808 3043 2007 3119 siquis
2051 3039 2312 3101 studeat.

321 3146 636 3224 „Donatus
680 3144 759 3204 ad
799 3146 1042 3208 locum:
1089 3144 1456 3221 Existimat,
1483 3165 1602 3225 pro
1648 3141 2070 3203 Existimavit.
2157 3142 2315 3203 Cor-

321 3252 520 3329 „rige,
596 3249 995 3313 Existimarit
1008 3291 1031 3319 ‚
1103 3267 1218 3331 pro
1260 3250 1789 3308 Existimaverttf‘
1884 3246 2102 3326 Neque
2150 3267 2211 3306 v.
2260 3265 2312 3305 1.

322 3354 620 3432 scriptum
664 3360 786 3425 est,
830 3354 891 3408 si
924 3353 1068 3429 quis
1112 3342 1393 3422 studeat,
1437 3372 1667 3429 neque,
1709 3351 1762 3409 si
1804 3360 1962 3409 esset
1995 3350 2311 3429 scriptum,

324 3453 671 3535 comparari
737 3473 877 3512 cum
938 3474 1011 3512 eo
1070 3463 1277 3533 posset
1336 3456 1395 3511 si
1456 3456 1597 3531 quis
1654 3454 2067 3524 existimarit:
2150 3452 2317 3531 quod

321 3561 583 3619 ‘verbum
638 3555 744 3614 hic
798 3555 1124 3616 manifesto
1179 3574 1310 3614 non
1380 3567 1473 3615 est
1542 3558 1998 3638 conjunctivus.
2038 3557 2315 3635 perfecti,

323 3661 433 3718 aed
500 3659 873 3719 indicativus
956 3659 1152 3718 futuri
1224 3658 1441 3731 exacti.
1553 3656 1867 3718 Donatum
1921 3667 2125 3717 autem
2180 3657 2319 3736 quis

330 3759 541 3817 credat
591 3771 720 3819 tam
771 3761 1060 3821 inutilem
1117 3760 1582 3820 adnotationem
1636 3760 1889 3834 fecisse,
1941 3761 2322 3819 existimarit

324 3878 444 3940 pro
501 3862 994 3921 existimaverit?
1079 3862 1272 3923 Immo
1333 3864 1579 3943 scripsit
1632 3861 1772 3921 hic:
1837 3854 2155 3920 existimat
2196 3861 2322 3939 (sic
2418 3938 2422 3943 .

332 3961 500 4021 enim
542 3960 808 4038 legebat,
881 3947 944 4024 et
996 3976 1090 4024 est
1141 3965 1263 4024 hoc
1320 3965 1390 4024 in
1447 3964 1918 4044 aliquammultis
1958 3962 2167 4043 libris)
2200 3984 2324 4045 pro

333 4060 729 4122 existimabit.
816 4061 948 4123 Hoc
1005 4067 1207 4157 ipsum
1257 4061 1459 4128 autem
1517 4063 1895 4125 existimabit
1908 4107 1932 4138 ,
2005 4087 2132 4147 pro
2199 4089 2324 4165 quo

338 4165 523 4228 multi
588 4163 833 4228 librarii
897 4168 1139 4250 vulgari
1206 4189 1415 4232 errore
1479 4169 1865 4231 existimavit
1936 4171 2333 4254 scripserunt,
