2890 4778
512 400 561 449 Χ

400 664 407 673 f
514 601 715 681 ctus,
765 589 906 689 qui
942 605 1088 687 pro
1119 602 1239 674 ea,
1296 602 1546 682 quam
1578 602 1761 683 erga
1792 605 1928 659 me
1955 595 2039 657 et
2065 598 2273 677 artes
2298 581 2493 664 libe-

472 717 712 819 ¹rales
742 713 998 794 habet
1058 713 1605 809 voluntatem,
1661 709 2035 792 facillime
2074 714 2236 794 hoc
2281 726 2492 798 onus

506 848 658 930 sibi
706 853 1020 955 imponi
1063 871 1349 953 passus
1377 861 1520 923 est.
1630 845 2171 951 Epistolarum
2210 868 2492 929 autem

502 989 861 1090 ipsarum
902 995 1442 1085 conspectum
1497 986 1864 1082 apposita
1925 979 2331 1061 exhibebit
2371 1001 2494 1062 ta-

457 1202 462 1209 ,
503 1115 715 1197 bula.
826 1117 926 1194 In
960 1110 1250 1220 quibus
1285 1125 1488 1216 quot
1518 1130 2033 1221 quantaeque
2057 1143 2185 1194 res
2214 1122 2490 1215 insint,

503 1234 665 1330 sire
728 1254 934 1329 scitu
987 1245 1540 1363 dignissimae,
1628 1252 1810 1324 sive*
1864 1246 2490 1351 jucundissimae

505 1381 825 1481 auditu,
895 1383 1089 1460 nolo
1146 1378 1515 1489 pluribus
1568 1378 1824 1458 verbis
1877 1406 2313 1486 exponere,
2382 1411 2493 1464 ne

503 1534 647 1595 aut
689 1539 1028 1621 magnos
1084 1518 1289 1591 viros
1343 1528 1664 1620 praeter
1713 1519 2282 1592 necessitatem
2322 1516 2492 1593 lau-

395 1682 409 1691 ’
503 1648 730 1747 dare,
825 1665 970 1726 aut
1050 1662 1323 1724 meam
1402 1646 2055 1753 qualemcunque
2140 1649 2491 1754 opellam

501 1780 1073 1889 magnifacere
1116 1781 1315 1861 velle
1353 1779 1642 1859 videar.

510 2012 517 2021 Ι
667 1919 892 2023 Quas
925 1912 1227 2019 subjeci
1253 1921 1464 1993 inter
1501 1910 2075 1995 ¹additamenta
2110 1908 2490 2020 epistolas

482 2033 797 2159 postea*
828 2046 1081 2127 editas
1112 2050 1200 2128 in
1228 2048 1521 2126 Museo
1559 2048 1854 2127 Critico
1888 2028 2489 2155 Cantabrigien-

496 2190 604 2280 si,
692 2210 865 2262 non
906 2208 1096 2258 ‘uno
1172 2189 1509 2260 nomine
1593 2198 1853 2288 gratas
1911 2184 2501 2287 exoptatasque‘

495 2314 924 2398 lectoribus
981 2312 1150 2394 fore
1225 2310 1583 2413 confido;
1685 2303 2037 2421 quorum
2089 2318 2178 2392 in
2249 2336 2490 2394 usum

494 2450 1040 2533 Brunckianos
1079 2448 1878 2566 Aristophanem-until.
1914 2474 2286 2528 versuum
2338 2475 2488 2527 nu-

495 2610 762 2664 meros
806 2583 1335 2691 apponendos
1381 2589 1678 2661 curavi.·
1778 2583 2070 2689 Neque
2115 2577 2510 2659 omittere·-

496 2732 871 2826 poteram
932 2718 1357 2824 epistolam
1415 2714 1520 2796 ad
1578 2717 2065 2795 Richterum
2090 2695 2489 2819 ⁴scriptam

499 2866 585 2928 et
637 2851 964 2953 .W0lfiz·
1030 2850 1356 2930 brevem
1438 2829 2081 2928 adnotationem.
2244 2841 2489 2958 Quod

500 2983 977 3089 quanquam
1001 2989 1183 3089 ipso
1213 3011 1385 3062 non
1413 2984 1759 3061 salutato
1787 2979 1981 3078 feci,
2029 2977 2343 3060 veniam
2372 2999 2492 3061 ta-

499 3140 696 3194 men
738 3113 1192 3219 impetrabo
1251 3144 1301 3193 a
1338 3122 1503 3192 viro
1582 3110 2090 3194 celeberrimo
2107 3132 2136 3212 ,‘
2215 3120 2360 3222 qui
2402 3131 2490 3195 et

499 3249 668 3327 aliis
694 3253 780 3326 in
803 3246 1052 3328 rebus
1081 3246 1399 3332 facilem
1430 3247 1631 3326 mihi
1673 3274 1757 3326 se
1796 3247 2208 3355 praebuit,
2270 3263 2354 3326 et
2385 3276 2485 3362 eo

494 3388 673 3487 ipso
731 3396 1135 3489 tempore,
1195 3408 1359 3489 quo
1407 3409 1599 3460 eum
1664 3381 2022 3462 aditurus
2081 3408 2339 3479 eram,
2398 3387 2488 3463 in

493 3514 811 3595 Italiam
871 3528 959 3594 et'
1012 3515 1365 3596 Galliam
1426 3514 1929 3612 discesserat,
2015 3530 2110 3591 ut
2166 3513 2490 3594 balneo·

494 3675 678 3727 rum
721 3645 1172 3728 salubrium·
1204 3677 1358 3729 usu
1408 3646 1751 3728 affectae
1802 3646 2241 3728 valetudini
2299 3675 2489 3726 con-

495 3782 827 3879 suleret,
923 3781 1148 3888 quod
1207 3780 1412 3863 bene
1481 3801 1565 3863 et
1635 3777 1966 3862 feliciter
2029 3781 2142 3860 illi
2211 3799 2485 3862 vertat.

498 3914 675 3994 Nec
728 3921 984 4022 magis
1043 3912 1392 3995 debebat
1454 3914 1731 3996 abesse
1787 3916 2272 3995 Hermanni
2334 3891 2488 3996 dis-

501 4055 874 4147 sertatiO,
950 4076 1207 4155 quae,
1250 4046 1547 4154 quibus
1590 4056 1679 4128 in
1718 4037 1957 4127 rebus
2005 4045 2489 4148 admirabilis

527 4286 537 4320 l
