2890 4778
2249 435 2352 510 25

360 619 550 698 mihi
582 644 754 695 vero
789 618 979 696 serio
1020 620 1307 715 =vereor,
1352 640 1449 701 ..ut
1495 617 1959 721 deprecatore
2002 620 2093 696 sit
2135 648 2356 726 opust

367 752 573 855 quod
606 838 611 845 ⁸
643 752 1067 829 Callimachi
1153 754 1577 856 Fragmenta
1595 809 1620 851 ,
1721 759 1868 855 jam
1942 753 2118 828 olim
2183 785 2358 857 pro-

362 889 574 966 missa
610 911 686 967 et
733 913 1013 988 parata,
1077 889 1411 969 nondum
1454 889 1550 964 ad
1585 911 1673 969 -te
1709 887 2074 983 miserim3
2121 884 2219 963 i'ta
2254 911 2359 966 ta·

360 1054 529 1107 men
581 1047 823 1128 parata
836 1076 860 1121 ‚
942 1045 1031 1098 ut
1080 1022 1284 1122 prius
1348 1024 1568 1097 altera
1633 1024 1798 1101 vice*
1847 1022 2164 1098 describi
2227 1021 2364 1097 de·

348 1164 578 1239 beant
594 1216 618 1256 ‚
693 1186 919 1257 quam
975 1155 1376 1230 mittantur.
1505 1154 1756 1255 Atque
1809 1157 1988 1233 adeo
2050 1157 2134 1232 id
2176 1156 2367 1253 mihi

363 1297 831 1372 vehementer.
897 1290 1133 1389 dolet,
1204 1287 1428 1390 quod
1499 1318 1733 1387 nunc,
1825 1319 1994 1365 cum
2058 1294 2363 1369 maxime

362 1429 619 1525 velim,
695 1428 892 1502 nulla
950 1448 1055 1502 est
1115 1424 1577 1501 describendi
1643 1426 1893 1527 copia3
1967 1396 2065 1501 ita
2119 1426 2380 1529 spatiis-

369 1563 636 1666 iniquis
676 1565 1055 1645 conclusus
1116 1587 1314 1634 sum:
1400 1588 1571 1634 nam
1614 1561 1803 1636 intra
1843 1536 2171 1636 triduum
2206 1589 2365 1637 om·
2389 1583 2488 1656 29

365 1698 545 1776 nino
602 1727 689 1775 ex
746 1700 891 1774 hac
944 1700 1130 1773 urbe
1195 1722 1313 1771 me
1362 1696 1728 1797 proficisci
1774 1718 2100 1799 oportet,
2163 1694 2364 1774 unde

358 1807 568 1909 haud
638 1835 785 1910 nisi.
841 1856 1006 1936 post
1066 1859 1346 1907 menses
1410 1831 1692 1932 aliquot
1750 1833 2010 1909 reverti
2065 1833 2356 1915 licebit.

359 1970 527 2045 Una
568 1969 913 2047 'duntaxat
957 1996 1120 2072 spes
1164 1991 1327 2063 est,
1365 1967 1854 2071 typographos
1894 1992 2163 2045 vestros
2210 1990 2360 2045 tam

360 2133 652 2206 magnos
669 2163 691 2204 ‚
756 2128 840 2180 ut
877 2105 1287 2207 praedicas,
1343 2112 1733 2179 cessatores
1770 2130 1957 2200 esse,
2025 2127 2106 2180 ut
2147 2104 2366 2206 Frag-

361 2263 606 2316 menta·
663 2262 904 2318 nostra
962 2242 1078 2319 vel
1141 2241 1478 2343 proximo
1542 2260 1887 2346 autumno
1940 2240 2362 2342 tempestive
2401 2268 2402 2271 ’

357 2377 531 2451 ‘satis
566 2373 661 2449 ad
701 2399 775 2452 te
813 2399 1113 2454 ventura
1160 2377 1327 2452 sint.
1430 2376 1715 2451 Interea
1747 2375 2100 2478 propositi
2131 2376 2358 2452 nostri

363 2512 717 2587 rationem
790 2511 983 2614 hanc
1061 2512 1304 2612 accipe
1321 2567 1342 2607 ,
1435 2533 1522 2585 ut
1594 2511 1928 2613 dispicias
2003 2535 2362 2614 oper-aene

248 2656 252 2660 ’
365 2649 680 2749 pretium
737 2647 960 2721 fuerit
1009 2647 1323 2747 opellam
1384 2668 1703 2722 nostram
1748 2667 1895 2721 tam
1947 2644 2075 2720 diu
2117 2669 2362 2747 exspe·

362 2760 577 2857 ctare.
697 2782 1169 2878 Quanquam,
1249 2807 1342 2854 ne
1402 2802 1551 2854 tam
1613 2781 2024 2857 diuturnam
2082 2810 2362 2869 moram.

364 2916 584 2990 nimis
644 2942 848 3016 aegre
905 2917 1085 2990 ferat
1141 2914 1700 3017 TypographuS‚
1791 2916 1871 2991 in
1928 2915 2237 3018 Hymnis
2263 2929 2363 2990 'et

360 3050 1009 3152 Epigrammatibus
1035 3049 1473 3126 excudendis
1513 3051 1824 3126 exerceri
1851 3050 2116 3152 poterit
2156 3078 2368 3154 prae·

362 3189 560 3281 lum,
615 3186 948 3287 notisque
996 3186 1133 3260 filii
1180 3187 1291 3262 tui
1338 3188 1483 3263 τοῦ
1530 3185 2010 3287 μακαρίτου,
2065 3207 2138 3260 et
2184 3185 2362 3260 alio·

360 3350 581 3400 rumz-
642 3321 906 3424 quihus
964 3321 1496 3400 emendationes
1553 3341 1876 3435 nostrae,
1970 3320 2140 3419 quia
2188 3348 2365 3420 pau·

360 3462 581 3536 culae.
615 3478 810 3549 sunt,
875 3456 973 3531 ad
1021 3458 1289 3532 calcem
1335 3453 1719 3534 commode
1776 3453 1954 3532 addi
1996 3475 2363 3555 poterunt.

359 3594 513 3671 Sed
576 3596 997 3694 Fragmenta
1049 3619 1141 3666 ne
1199 3591 1451 3693 attingi
1501 3592 1803 3691 quidem
1842 3590 2096 3688 velim,
2152 3611 2236 3663 ut
2283 3588 2364 3663 in

361 3729 804 3807 editionibus
872 3726 1223 3801 Vulcanii
1288 3749 1361 3802 et
1424 3728 1696 3800 Fabi-ae
1750 3748 2027 3819 extant3
2101 3699 2371 3799 *verim
2431 3804 2436 3809 ¹

361 3864 609 3941 omnia
660 3891 747 3938 ex
790 3861 1052 3937 nosnis
1090 3861 1378 3936 schedis
1413 3888 1688 3961 eoque,
1757 3883 1975 3965 prout
2013 3858 2168 3958 ipse
2219 3854 2370 3929 dis-

360 3997 613 4100 posui,
664 3995 920 4073 ordine
953 3996 1332 4097 publicari.
1435 3996 1785 4091 Primum,
1832 4019 2015 4094 quae
2045 4015 2135 4065 ex
2165 4012 2368 4086 certo

365 4134 612 4231 aliquo
639 4133 829 4207 libro
860 4133 1210 4227 citantur,
1260 4136 1453 4231 Περὶ
1469 4128 1825 4226 Ἀγῶνων,
1872 4126 2159 4206 Αἰτίων
2181 4130 2369 4220 βιβ.
