2890 4778
602 354 692 422 68

435 528 562 591 456
602 527 821 592 edatur
874 499 1285 610 κᾶτέχοοη
1368 535 1552 605 atque
1604 527 1697 585 ita
1751 526 1824 585 in
1879 523 2019 584 aliis
2071 525 2213 605 plus
2270 526 2640 615 sexcentis.

570 628 735 694 ,Hoc
772 627 1145 706 sifomittis,
1203 637 1266 688 et
1303 637 1659 709 praeterea,
1731 628 1787 687 si
1827 647 1986 707 quae
2032 637 2210 687 extra
2248 645 2437 688 omne
2489 629 2638 687 du-

594 734 772 797 bium
811 741 958 793 sunt
984 731 1202 812 posita
1243 731 1315 790 in
1367 739 1547 791 textu
1601 729 1893 791 exhibere
1937 730 2226 811 negligis,
2300 730 2382 790 ad
2421 740 2630 791 notas

598 835 850 902 tandem
920 835 1167 895 detrusa
1237 831 1448 911 (quod
1510 853 1550 892 a.
1601 833 2047 911 superstitiosis
2108 833 2476 913 quibusdam
2552 844 2626 894 et

596 939 840 1020 ignavis
894 935 1028 997 fieri
1082 931 1292 1011 amat)
1347 932 1514 994 nihil
1581 934 1864 1015 profecto
1933 936 2090 1015 agis,
2175 934 2284 995 sed
2343 956 2620 1017 operam

596 1021 927 1119 oleumque
964 1035 1232 1118 perdis..
1294 1033 1578 1117 Denique
1598 1105 1604 1112 .
1627 1036 1748 1097 hoo
1803 1058 1914 1098 oro
1972 1048 2034 1098 te
2092 1046 2277 1117 atque
2336 1038 2610 1098 obsecro

598 1142 794 1223 (quod
847 1148 1032 1200 antea
1080 1138 1284 1199 facere
1338 1138 1630 1218 memini)
1671 1150 1745 1199 nt
1784 1140 1838 1200 si
1886 1161 2042 1222 quae
2087 1159 2169 1200 ex
2209 1141 2437 1198 nostris
2476 1140 2608 1199 tibi

540 1295 543 1298 .
596 1244 737 1304 usui
804 1242 1068 1318 filei-int,
1158 1263 1232 1303 ea
1285 1242 1357 1300 in
1417 1242 1585 1301 notis
1641 1241 1963 1318 exhibeas,
2047 1262 2175 1301 non
2232 1244 2389 1302 meis*
2448 1261 2606 1302 ver-

594 1348 687 1408 bis
707 1391 726 1423 ,
805 1346 1059 1405 nomine
1128 1344 1206 1404 ad
1273 1341 1463 1404 finem
1519 1345 1724 1423 posito
1777 1356 1850 1405 ut
1900 1341 1973 1404 'fit
2023 1345 2095 1404 in
2150 1345 2316 1404 notis
2379 1345 2603 1404 vario-

593 1467 775 1526 rum3
824 1446 931 1508 sed
975 1445 1128 1522 tuis,
1171 1447 1546 1506 narrationis
1590 1444 1880 1533 σχήματι,
1930 1449 2026 1506 εἰσ
2064 1444 2346 1506 emendat
2393 1450 2598 1507 Bene-

591 1545 754 1612 Iu'us
814 1558 965 1621 ete.;
998 1593 1005 1598 -
1043 1559 1106 1610 et
1154 1549 1414 1628 quoties
1480 1550 1947 1630 castigationum
2015 1551 2284 1610 rationes
2357 1549 2595 1631 adjicis,

592 1674 724 1714 non
778 1651 935 1713 meis
987 1651 1195 1712 verbis
1251 1671 1406 1731 quae
1464 1647 1570 1711 hic
1621 1646 2088 1737 αὗτοσχεδιάζω,
2170 1654 2399 1728 utaris;
2482 1652 2595 1711 sed

592 1773 833 1816 memor
886 1749 1281 1833 Epicharmi,
1361 1749 1530 1835 Εξιια
1589 1751 1715 1829 δαῖς
1770 1755 1873 1819 καὶ
1929 1750 2280 1839 πορφύραν,
2328 1746 2592 1837 λόγοισι

590 1851 921 1923 ποικίλλων
977 1862 1205 1933 σοφοῖς.
1320 1853 1472 1913 Vale
1533 1856 1959 1916 charissimum
2020 1867 2200 1937 caput
2217 1900 2235 1932 ‚
2321 1866 2384 1916 et
2432 1858 2587 1915 scito

593 1963 750 2035 quae
787 1962 1164 2034 postremum
1206 1953 1362 2013 mihi
1406 1957 1739 2018 mandabas
1757 2002 1776 2035 ‚
1843 1978 2026 2018 curae
2068 1958 2226 2018 mihi
2265 1958 2420 2017 fore.

486 2137 493 2146 ,
761 2056 1240 2117 Brookbankius
1300 2067 1363 2116 et
1415 2057 1625 2119 Sikius
1683 2069 1747 2119 te
1801 2060 2087 2119 salutant.
2186 2043 2401 2119 Saluta
2447 2080 2582 2119 meo

590 2161 843 2221 nomme
885 2158 1435 2220 Hemsterhusium.
1481 2160 1666 2221 'ColL
1710 2161 1886 2222 Trin.
1936 2162 2386 2245 cantabrigiae.
2455 2161 2581 2222 Au-

590 2265 752 2344 gusti
794 2280 873 2322 21
923 2264 1067 2323 stilo
1106 2271 1317 2324 vetere
1367 2264 1548 2348 Ι1708.
2076 2344 2083 2350 .

761 2365 822 2444 *)
864 2364 976 2427 His
1015 2365 1293 2446 scriptis,
1332 2367 1498 2428 forte
1536 2367 1608 2427 in
1646 2388 1898 2430 manum
1941 2368 2079 2449 cepi
2122 2367 2414 2428 Palmerii
2451 2367 2579 2428 No·-

588 2480 715 2549 tas,
786 2470 895 2530 ubi
943 2490 1004 2550 p.
1056 2467 1192 2528 103.
1255 2466 1362 2549 [Κ.
1407 2491 1470 2531 v.
1514 2473 1656 2530 828.
1700 2505 1787 2545 ··.-·
1824 2471 1926 2531 Br.
1974 2493 2034 2532 v.
2079 2467 2253 2551 830]
2308 2470 2594 2532 Nubibus·

590 2566 911 2655 Σωκράτης
949 2568 985 2635 ὅ
1032 2566 1289 2653 Μήλιος,
1325 2571 1431 2637 καὶ
1474 2573 1839 2654 Χαιρεφῶν,
1905 2575 1995 2634 sio
2032 2573 2379 2653 distinguit,
2448 2578 2577 2639 Σω-

586 2665 850 2756 κράτης,
913 2666 945 2735 ὅ
993 2669 1278 2756 Μήλιος,
1330 2684 1443 2734 eto.
1488 2684 1562 2734 ut
1596 2685 1720 2735 tres
1761 2675 1865 2735 hic
1906 2685 2237 2751 notentur,
2279 2675 2571 2755 SocrateS,

587 2772 922 2854 Diagoras,
997 2758 1420 2854 Chaerephon.
1501 2777 1831 2858 Perperam
1906 2779 2062 2840 haec
2128 2779 2231 2839 vir
2296 2780 2571 2858 optimus.

586 2875 827 2937 Primo'
865 2877 961 2937 vis
1039 2877 1337 2957 quaedam
1406 2876 1480 2938 fit
1549 2880 1854 2960 orationi,
1940 2892 2003 2941 et
2054 2871 2412 2961 ambiguum
2461 2881 2575 2967 erit

584 2973 1034 3065 ἆθερᾶπευτον.
1136 2979 1380 3045 Deinde
1439 2979 1790 3062 Stephanus
1842 2981 2174 3062 Byzantius
2232 2985 2303 3042 in
2339 2981 2572 3068 *Mazag-

587 3086 814 3145 diserte
863 3083 1124 3143 affirmat
1181 3081 1493 3143 Socratem
1550 3083 1658 3142 hie
1718 3079 1975 3168 Μήλιον
2036 3085 2177 3144 dici.
2277 3085 2567 3164 Denique,

586 3184 877 3265 Diagoras
926 3185 1055 3266 jam
1115 3183 1196 3243 ad
1252 3186 1463 3267 plures
1524 3186 1797 3262 abierat,
1867 3208 2068 3267 neque
2108 3187 2349 3247 Socrati
2392 3197 2569 3246 notus

585 3307 717 3348 esse
773 3289 995 3369 potuit.
1111 3286 1428 3348 Postremo
1483 3310 1696 3349 sensus
1752 3291 1824 3350 in
1880 3272 2129 3370 recepta
2180 3289 2569 3349 distinctione

581 3388 912 3477 facillimus
958 3398 1077 3463 est,
1153 3384 1478 3475 Σωκράτης
1519 3389 1555 3455 ὅ
1596 3386 1879 3476 Μήλιος,
1934 3393 2001 3452 id
2044 3400 2165 3468 est,
2232 3391 2389 3451 alter
2426 3391 2570 3451 Dia-

585 3507 798 3568 goras,
858 3490 1015 3548 alter
1056 3489 1303 3549 Atheus.
1580 3492 1584 3496 ’

716 3724 764 3791 “)
832 3722 1014 3796 (Quae
1053 3740 1403 3797 sequuntur,
1464 3727 1591 3798 ipsa
1625 3726 1882 3782 Bentleii
1917 3748 2091 3805 manu
2128 3728 2346 3800 adjecta
2386 3726 2560 3796 sunt.)
