2890 4778
534 669 551 686 ⁴
606 685 1317 793 nesateexspaere.
1417 675 1874 752 Seis-antem,
1939 674 2614 753 meabaliquotan-

608 778 1401 861 nissemelatqueiterum
1441 797 1526 837 ex
1563 778 1784 837 eodem
1823 774 2301 836 vestroCodioe
2339 787 2612 837 nactum

612 878 2614 962 esaeexoerptaquaedm,sedmufflaetimpe1-foeta,quod

614 1002 699 1043 ex
746 981 1692 1063 aliisCodicibusparisfeme
1738 982 2608 1041 cumvestro‘aetstiscerto

612 1083 777 1147 mibi
830 1091 1229 1165 compertum.
1329 1082 1632 1158 Quattuor
1683 1093 1954 1158 tantum,
2023 1083 2186 1163 quod
2233 1084 2454 1159 sciam,
2519 1084 2608 1142 in

613 1197 749 1250 tota
796 1183 1043 1267 Europa
1090 1206 1261 1246 nunc
1311 1195 1558 1246 exstant
1608 1188 2020 1267 exemplaria,
2089 1206 2247 1264 quse
2291 1204 2607 1244 annorum

614 1287 726 1350 DC
768 1299 1029 1350 aetatem
1066 1309 1219 1371 prae
1254 1309 1320 1349 se
1363 1290 1606 1348 ferunt:
1683 1286 2124 1349 Gemblacense
2162 1288 2429 1362 scilicet,
2472 1308 2608 1346 un-

616 1391 700 1452 de
741 1392 894 1452 olim
932 1391 1046 1452 los.
1089 1392 1363 1471 Scaliger
1402 1390 1814 1471 posteriorem
1864 1412 2037 1454 suam
2093 1390 2429 1449 editionem
2481 1390 2606 1448 ad-

617 1496 902 1571 ornavit3
964 1491 1272 1556 Venetam
1308 1493 1380 1553 in
1416 1492 1794 1554 bibliotheca
1830 1491 1893 1552 S.
1929 1493 2157 1569 Ματρὶς
2229 1491 2603 1551 Vossianum

617 1596 693 1657 in
738 1596 1077 1657 Academia
1121 1596 1405 1657 Leidensi
1448 1607 1512 1658 et
1548 1606 1821 1657 vestrum
1857 1596 2021 1655 inud
2062 1595 2396 1676 Lipsiense.
2480 1593 2602 1653 Ce-

618 1708 754 1758 tera
794 1700 1036 1775 omnia,
1105 1719 1364 1779 quorum
1402 1720 1534 1758 non
1577 1721 1769 1779 pauca
1809 1720 1999 1779 penes
2038 1718 2138 1757 me
2178 1697 2397 1770 habui,
2456 1705 2602 1754 sunt

619 1809 806 1859 notae
838 1801 1203 1859 recentioris
1239 1810 1303 1861 et
1340 1804 1416 1861 ab
1457 1802 1931 1883 exscriptoribus
1957 1800 2184 1881 passim
2211 1800 2597 1879 interpolata.

621 1900 1062 1961 Gemblacense
1118 1911 1321 1960 autem
1385 1902 1578 1979 ill'nd,
1643 1903 1808 1981 quod
1854 1904 2133 1961 omnium
2185 1904 2485 1981 optimum
2535 1914 2600 1963 et

620 2004 1023 2063 veterrimum
1082 2011 1207 2077 est,
1281 2004 1414 2082 ipse
1470 2004 1667 2063 oculis
1725 2005 1877 2065 meis
1932 2003 2396 2084 diligentissime
2447 2004 2598 2063 olim

618 2104 1033 2186 perlustravi,
1072 2105 1505 2167 minutissimas
1540 2126 1808 2187 quasque
1839 2107 2216 2167 variationes
2247 2106 2598 2185 scrupulose

619 2208 854 2269 notavi.
972 2205 1329 2269 Ceterorum
1387 2210 1784 2286 collationes,
1862 2230 2017 2288 quae
2065 2208 2488 2268 Gemblacensi
2530 2209 2599 2266 in

620 2311 937 2392 plerisque
974 2311 1256 2371 omnibus
1296 2312 1772 2393 adstipulantur,
1818 2312 2156 2372 amicorum
2195 2330 2386 2389 opera
2428 2332 2597 2369 com-

618 2414 869 2492 paravi:
945 2413 1111 2473 unde
1162 2414 1351 2474 facile
1396 2426 1531 2475 erat
1583 2414 2077 2496 deprehendere,
2140 2414 2396 2494 juvenes
2439 2414 2597 2488 illos,

623 2516 729 2594 qui
767 2514 1094 2594 Lipsiensis
1135 2516 1281 2575 libri
1324 2527 1615 2598 excerpta
1655 2517 1810 2578 mihi
1851 2517 2421 2590 subministrabant,
2489 2515 2598 2576 vix

500 2664 539 2679 f
622 2616 926 2677 decimam
981 2618 1322 2679 lectionum
1375 2630 1611 2698 partem
1666 2620 1948 2698 attigisse.
2035 2618 2475 2692 Quamobrem,
2548 2618 2600 2675 si

620 2737 873 2797 operam
920 2728 981 2779 et
1022 2720 1176 2779 mihi
1222 2731 1284 2780 et
1326 2722 1563 2781 auctori
1604 2721 1725 2801 ipsi
1762 2721 1980 2780 utilem
2018 2741 2248 2780 navare
2294 2720 2425 2795 vis,
2492 2739 2600 2776 oro

618 2830 683 2880 te
727 2829 905 2900 atque
946 2821 1248 2896 obtestor,
1319 2823 1694 2883 ut-minima
1737 2843 2011 2903 quaeque
2059 2824 2386 2881 observare
2429 2830 2490 2880 et
2532 2821 2601 2878 in

619 2920 1057 2983 Boeclerianae
1113 2923 1405 3006 editionis
1463 2926 1738 3004 margine
1812 2936 2028 2984 notare
2094 2945 2175 2983 ne
2241 2924 2601 3004 dedignere3

622 3035 851 3109 quanto
896 3026 1292 3087 mendosiora
1341 3037 1402 3087 et
1449 3028 1809 3087 absurdiora
1854 3029 1970 3087 tibi
2016 3028 2377 3102 videantur,
2433 3035 2600 3086 tanto

618 3127 867 3189 fidelius
920 3138 983 3189 et
1034 3129 1404 3209 diligentius.
1493 3129 1735 3210 Quippe
1789 3148 1867 3189 ex
1916 3129 2040 3188 illis
2090 3128 2604 3189 contaminatissi-

619 3231 770 3310 mis,
830 3251 987 3311 quae
1033 3231 1191 3291 alius
1229 3231 1391 3291 forte
1434 3233 1738 3314 spreverit
1777 3243 1839 3291 et
1880 3232 2053 3292 velut
2095 3232 2350 3311 indigna
2390 3240 2605 3289 notatu

619 3334 1046 3411 praeterierit,
1127 3353 1236 3413 ego
1288 3333 1456 3394 haud
1509 3356 1652 3395 raro
1702 3334 2103 3416 pulcerrimas
2148 3333 2602 3393 emendationes

622 3452 770 3493 eruo
830 3445 893 3494 et
947 3435 1237 3495 extundO.
1343 3433 1665 3513 Ceterum,
1741 3457 1926 3516 quum
1987 3435 2312 3495 Maniliani
2367 3434 2603 3494 codices

618 3554 770 3617 prae
805 3534 934 3595 illis
973 3537 1354 3616 reliquorum
1390 3550 1717 3619 poetarum
1754 3540 1879 3597 sint
1914 3547 2270 3619 portentose
2314 3546 2378 3596 et
2411 3555 2605 3617 paene

620 3657 810 3718 supra
854 3633 1041 3698 fidem
1086 3639 1400 3717 mendosi,
1438 3643 1510 3700 in
1552 3660 1831 3720 magnam
1876 3641 2084 3720 utique
2124 3641 2351 3700 molem
2391 3658 2607 3697 exsur-

616 3750 837 3822 gerent
893 3747 1001 3799 tua
1055 3750 1379 3823 excerpta,
1451 3744 1506 3802 si
1550 3761 1629 3801 ex
1670 3761 1781 3801 ora
1823 3743 1916 3801 tui
1960 3743 2183 3801 codicis
2223 3743 2295 3801 in
2339 3739 2607 3813 chartam

615 3862 838 3922 puram
879 3845 1358 3920 transcriberes,
1440 3842 1597 3903 mihi
1636 3862 1877 3922 quoque
1922 3864 2052 3903 non
2094 3844 2506 3904 necessarium
2549 3849 2610 3899 et

611 3944 757 4005 ideo
813 3945 1123 4025 ingratum
1179 3946 1457 4006 laborem
1513 3944 1904 4025 injungerent
1958 3948 2198 4026 singula
2254 3965 2464 4005 rursus
2540 3943 2610 4000 in

611 4047 737 4107 mei
787 4036 1017 4107 codicis
1062 4048 1401 4127 marginem
1442 4044 1772 4119 inserendi.
1859 4046 2074 4108 Patere
2117 4069 2291 4129 ergO,
2341 4057 2410 4105 ut
2448 4044 2607 4104 illud
2655 4129 2663 4133 .

620 4150 725 4209 abs
773 4158 836 4208 te
877 4149 1241 4229 impetrem,
1282 4159 1356 4208 ut
1398 4149 1599 4229 ipsum
1645 4150 1916 4209 codicem
1960 4158 2138 4213 tuum
2176 4148 2607 4210 Boeclerianae
