2890 4778
19 1063 24 1076 -
20 1039 21 1044 Α
19 937 28 966 τ
19 831 29 868 -ι
20 727 30 764 -r
19 623 32 660 t·-

2112 378 2304 464 '77

311 574 487 654 prius
543 579 639 634 est
686 569 904 651 judicii
958 570 1208 644 abusus,
1282 570 1336 627 si
1392 568 1557 648 quia,
1615 565 1733 629 -ubi
1776 588 2021 631 sensum
2064 569 2306 634 consuli

317 674 676 753 oportebat,
742 673 820 732 ab
862 672 1098 754 judicio
1139 671 1443 731 auxilium
1484 679 1671 751 petat.
1782 669 1880 733 Ex
1916 673 2028 733 illo
2068 693 2305 752 genere,

318 777 483 855 quod
520 776 786 856 primum
821 776 1038 857 posui,
1080 796 1179 834 res
1220 784 1365 835 sunt
1403 773 1767 834 historicae:
1806 775 1878 834 in
1909 777 2125 866 quibus
2162 796 2308 855 per-

314 879 723 958 vestigandis,
753 919 761 928 -
797 881 848 940 si
905 879 1165 938 materia
1221 878 1420 936 omnis
1478 885 1764 958 congesta
1819 888 1943 955 est,
2021 878 2198 937 nulla
2238 898 2309 940 re

313 982 434 1041 nisi
486 981 723 1063 judicio
775 1001 932 1061 opus
986 991 1094 1039 est.
1180 978 1382 1052 Quare
1423 978 1564 1054 has,
1632 979 1739 1059 qui
1779 981 1984 1040 omnia
2024 981 2103 1043 ad
2139 979 2311 1065 judi—

315 1083 498 1143 candi
559 1085 947 1142 severitatem
1013 1091 1311 1142 revocant
1327 1125 1346 1157 ,
1417 1091 1587 1140 recte
1611 1111 1616 1116 ·
1637 1085 2004 1143 tractabunt.
2118 1080 2311 1163 quue

313 1185 662 1245 Bentleium
699 1184 770 1243 in
813 1184 1340 1248 dissertationibus
1374 1182 1923 1244 illisPhalarideis
1958 1194 2022 1245 et
2050 1186 2313 1266 epistola

315 1288 394 1347 ad
437 1286 519 1347 10.
565 1286 839 1346 Millium
882 1286 971 1345 sic
1010 1287 1230 1346 fecisse
1270 1285 1587 1362 videmus,
1664 1294 1736 1345 ut
1774 1288 1886 1348 vix
1927 1288 2126 1348 ullum
2159 1308 2311 1368 per-

310 1390 535 1449 fectius
577 1390 828 1468 cogitari
875 1389 1023 1450 artis
1081 1388 1330 1448 criticae
1381 1371 1848 1449 monumentum
1902 1391 2113 1468 possit.
2211 1390 2310 1451 Ad

313 1493 578 1552 alterum
633 1512 824 1571 genus
880 1493 1253 1572 scriptorum
1310 1500 1594 1552 veterum
1646 1491 2075 1571 interpretatio
2129 1499 2312 1571 atque

314 1594 665 1655 emendatio
717 1595 1005 1674 pertinet.
1113 1592 1204 1655 Ea
1246 1614 1394 1654 vero
1435 1595 1717 1674 inprimis
1759 1614 1938 1653 sensu
1978 1594 2093 1651 illo
2136 1593 2310 1653 indi-

220 1749 229 1762 ,
311 1707 444 1777 get,
522 1698 629 1777 qui
690 1717 772 1757 ex
828 1695 1103 1756 obscuris
1146 1705 1236 1756 est
1275 1697 1632 1757 notionibus
1684 1698 2092 1776 compositus,
2160 1715 2309 1775 quas

313 1809 546 1860 attenta
588 1800 791 1880 operis
832 1800 1124 1880 cujusque
1164 1801 1437 1862 lectione
1460 1810 1554 1860 ‘et
1606 1798 2126 1879 contemplatione
2171 1799 2308 1858 coh-

310 1903 573 1981 ligimus.
661 1902 784 1973 Qui
827 1922 1040 1961 sensus
1085 1921 1271 1980 quum
1312 1904 1389 1962 ob
1428 1902 1499 1961 id
1539 1901 1774 1981 ipsum,
1821 1902 1983 1981 quod
2028 1902 2308 1961 obscuris

309 2006 664 2065 notionibus
708 2004 1092 2079 continetur,
1169 2004 1343 2084 quasi
1387 2004 1644 2078 inermis
1689 2005 1801 2078 sit,
1873 2005 1928 2062 si
1970 2005 2045 2064 ad
2085 2004 2310 2086 judicii

312 2109 745 2168 strenuitatem
789 2116 1212 2185 comparetur:
1255 2106 1442 2163 facile
1489 2106 1866 2166 obmutescat
1903 2124 2152 2165 necesse
2195 2117 2304 2182 est,

309 2211 362 2268 si
402 2210 570 2288 quis,
629 2209 739 2267 ubi
784 2208 1141 2266 examinare
1183 2226 1321 2265 eum
1360 2206 1570 2285 potiu's
1611 2215 1794 2284 atque
1841 2206 2151 2286 explicare
2192 2206 2306 2266 de-

306 2312 517 2383 bebat,
564 2309 768 2368 statim
808 2329 942 2367 rem
981 2308 1059 2367 ad
1098 2309 1350 2367 rationis
1391 2309 1789 2368 subtilitatem
1835 2308 2147 2384 traducat,
2191 2328 2300 2368 eo-
2341 2315 2381 2375 6

312 2430 432 2491 que
465 2412 964 2488 *disputationem
1023 2430 1154 2469 non
1217 2411 1295 2470 ad
1352 2411 1451 2485 i‘d,
1528 2411 1606 2469 ad
1630 2407 1642 2420 '
1663 2409 1826 2490 quod
1884 2412 2303 2492 conveniebat,

311 2513 420 2572 sed
475 2511 554 2570 ad
609 2513 777 2571 aliud
832 2512 980 2592 quid
1036 2513 1332 2575 conferat.
1429 2507 1624 2592 quue
1683 2514 1960 2572 omnium
2009 2513 2306 2575 facillime

308 2617 378 2674 in
430 2614 628 2695 poetis
687 2613 824 2674 fieri
878 2601 1110 2695 potest:
1188 2636 1451 2695 quorum
1504 2612 1692 2693 quum
1745 2617 1942 2675 omnis
1986 2618 2181 2676 oratio
2203 2615 2314 2677 ‘ad-

311 2738 553 2777 sensum
600 2716 825 2796 magis,
879 2738 1063 2796 quam
1108 2718 1187 2778 ad
1223 2738 1469 2803 severas
1517 2717 1809 2796 quasdam
1857 2719 2158 2799 cogitandi
2199 2739 2304 2778 re-

309 2820 478 2899 gulas
523 2820 860 2898 composita
904 2821 1015 2895 sit,
1071 2841 1202 2881 non
1239 2830 1407 2881 recte
1451 2820 1958 2901 interpretabitur
2002 2843 2139 2896 εοε,
2197 2822 2305 2907 qui

306 2923 501 2982 ‘verba
546 2941 788 2997 eorum,
861 2931 1171 3002 tamquam
1222 2925 1274 2982 si
1324 2922 1737 2982 mathematici
1786 2932 1890 2982 aut
1942 2923 2303 3007 philosophi

311 3031 546 3097 essent,
613 3024 693 3082 ad
736 3026 1027 3085 amussim
1069 3026 1307 3105 exigat,
1368 3035 1432 3085 et
1475 3045 1603 3085 non
1640 3025 1845 3106 potius
1898 3025 2048 3105 quid
2089 3046 2301 3084 sense-

304 3127 464 3200 rint,
515 3144 692 3204 quam
736 3128 880 3206 quid
924 3128 1260 3207 argutando
1305 3148 1394 3199 ex⁴
1426 3128 1676 3207 singulis
1716 3127 1923 3188 verbis
1970 3128 2113 3187 elici
2137 3148 2302 3208 pos-

308 3230 418 3304 sit,
498 3228 864 3288 consideret.
971 3230 1158 3302 Quod
1220 3230 1273 3289 si
1339 3229 1461 3288 hoc
1520 3231 1589 3289 in
1657 3251 1881 3311 genere
1936 3232 2180 3310 qualem
2231 3251 2298 3292 se

305 3331 664 3411 praebuerit
708 3330 1023 3391 Bentleius
1066 3326 1395 3392 dicendum
1438 3343 1559 3408 est,
1632 3334 1842 3395 nullus
1884 3342 1978 3392 est
2017 3334 2298 3414 scriptor,

307 3454 493 3513 quem
549 3434 660 3492 ille
721 3435 1219 3514 adnotationibus
1279 3435 1684 3513 instruxerit,
1754 3436 1900 3516 quin
1939 3436 2300 3496 innumera-
2371 3430 2384 3443 “

301 3537 452 3597 bilia
506 3523 799 3596 exhibeat
858 3526 1147 3618 exempla
1202 3538 1721 3616 disputationum,
1810 3540 1880 3598 in
1925 3540 2141 3620 quibus
2182 3538 2299 3598 etsi

306 3640 701 3699 subtilitatem
771 3640 988 3723 judicii
1057 3640 1373 3703 admirari·
1425 3632 1785 3719 debeamus,
1880 3652 2088 3702 tamen
2166 3655 2297 3700 non

305 3742 602 3817 possimus
643 3764 771 3802 non
811 3746 1068 3803 abusum
1104 3746 1233 3826 ejus
1268 3744 1742 3824 reprehendere.
1826 3743 2068 3804 Etenim
2105 3760 2295 3819 quum

306 3839 418 3898 ille
472 3832 766 3902 fervidius
821 3847 1032 3906 omnia
1087 3858 1268 3926 atque
1334 3848 1503 3909 haud
1559 3868 1700 3907 raro
1760 3847 1942 3907 etiam
2010 3842 2293 3923 cupidius
2337 3830 2344 3837 ⁶

308 3950 694 4016 attrectaret,
747 3966 1186 4026 saepenumero
1229 3950 1391 4008 elabi
1433 3950 1554 4008 sibi
1595 3969 1808 4028 passus
1850 3957 1942 4005 est
1984 3967 2087 4023 ea,
2137 3965 2295 4023 quae

305 4043 359 4102 si
440 4043 996 4125 animadvertisset,
1098 4051 1280 4128 longe
1336 4051 1539 4109 ‘aliter
1605 4049 1836 4108 fuisset·
1893 4048 2291 4127 judicaturus.

304 4134 463 4204 Nam
520 4149 631 4206 etsi
689 4168 870 4208 sensu
930 4152 1075 4229 illo,
1147 4171 1328 4230 quem
1382 4153 1684 4227 diximus,
1752 4149 2004 4211 minime
2050 4150 2293 4212 carebat
