2890 4778
578 371 665 443 76

580 558 701 625 est,
743 550 850 628 qui
891 549 1129 629 positus
1172 558 1266 607 est
1305 548 1375 607 in
1418 547 1686 607 naturali
1727 547 1986 627 quadam
2031 547 2323 608 facultate
2362 551 2616 610 statim

575 641 1142 726 animadvertendi,
1184 650 1329 729 quid
1372 669 1606 729 quaque
1650 651 1720 708 in
1757 670 1829 710 re
1868 671 2117 725 verum,
2161 661 2419 731 aptum,
2471 653 2615 713 de-

574 774 820 831 corum,
879 762 1208 814 venustum
1245 752 1356 812 sit:
1380 801 1387 808 .
1413 753 1513 811 cui
1557 754 1700 824 etsi,
1758 764 1831 811 ut
1867 753 2026 826 dixi,
2082 755 2482 814 nutrimenta
2529 765 2607 815 et

574 858 808 917 cultum
865 857 1118 938 praebet
1183 853 1563 930 antiquitatis
1623 856 2055 934 pervestigatio
2070 900 2087 931 ,
2158 866 2373 915 tamen
2413 877 2598 938 pro-

577 980 789 1019 creare
829 975 1003 1032 eum,
1046 957 1098 1016 si
1138 957 1237 1015 cui
1279 975 1404 1014 non
1452 965 1542 1015 est
1581 977 1618 1014 a
1658 968 1879 1018 natura
1920 958 2129 1033 datus,
2175 979 2307 1017 non
2348 969 2585 1039 potest.

568 1060 680 1123 Est
733 1071 936 1120 autem
993 1069 1119 1118 tam
1174 1058 1490 1138 praeclara
1543 1058 1700 1118 haec
1758 1069 1939 1139 atque
1998 1061 2226 1120 eximia
2281 1062 2576 1141 facultaS,

569 1173 642 1223 ut
698 1163 829 1222 sola
884 1162 967 1220 sit
1026 1151 1217 1234 illud,
1279 1161 1443 1241 quod
1485 1161 1722 1241 ingenii
1761 1163 2010 1221 nomine
2052 1164 2367 1242 appellare
2410 1186 2579 1224 con-

570 1266 899 1325 suevimus.
989 1263 1123 1335 Qua
1166 1265 1268 1343 qui
1308 1262 1575 1343 praediti
1618 1272 1790 1340 sunt,
1837 1266 2022 1322 etiam
2058 1265 2110 1323 si
2145 1278 2398 1325 careant
2427 1269 2569 1345 illa,

572 1389 756 1449 quam
808 1369 1010 1428 statim
1063 1365 1365 1441 dicemus,
1436 1365 1651 1445 judicii
1694 1366 2058 1443 subtilitate,
2129 1376 2344 1428 tamen
2375 1390 2572 1449 saepe

540 1469 925 1538 ‚felicissime
964 1479 1260 1529 exercent
1305 1475 1499 1527 artem
1551 1467 1826 1526 criticam
1844 1509 1866 1540 ,
1937 1479 2235 1548 quatenus
2294 1491 2369 1530 ea
2423 1472 2563 1551 qui..

573 1575 715 1635 dem
756 1575 827 1632 in
873 1571 1266 1654 conjectandi
1319 1571 1612 1631 facilitate
1664 1572 1972 1630 consistit:
2045 1572 2153 1630 sed
2201 1572 2255 1631 si
2296 1592 2398 1633 res
2443 1573 2560 1633 de-

570 1677 1018 1738 monstratione
1074 1674 1340 1752 indiget,
1412 1693 1611 1752 neque
1665 1674 1788 1752 ipsi
1830 1675 1946 1733 sibi
1985 1674 2253 1733 rationes
2295 1675 2558 1736 reddere

550 1787 860 1859 possunt,
942 1796 1142 1854 neque
1200 1772 1353 1833 alio‘s
1413 1795 1535 1853 quo
1586 1776 1663 1833 ad
1705 1796 1876 1834 suam
1917 1776 2285 1835 sententiam
2315 1777 2557 1856 perdu-

483 1876 531 1940 ‘5
574 1887 746 1953 cant,
816 1877 1064 1936 habent.
1149 1875 1558 1946 Quamobrem
1603 1879 1787 1936 tertia
1833 1879 2125 1938 accedere
2169 1877 2350 1939 debet
2383 1880 2554 1959 judi-

575 1982 654 2040 cii
703 1980 796 2038 vis
854 1987 915 2037 et
969 1977 1300 2050 subtilitas,
1380 1997 1535 2055 quae
1578 1979 1804 2036 caussis
1849 2000 2055 2041 rerum
2087 1982 2550 2062 investigandis,

573 2082 1078 2162 explicandisque
1113 2080 1486 2157 rationibus,
1532 2090 1601 2139 et·
1636 2080 1953 2142 doctrinae
1997 2094 2058 2143 et
2097 2084 2304 2143 sensui
2343 2086 2551 2145 lumen

569 2185 798 2246 afferat.
910 2184 1108 2264 Atque
1161 2182 1345 2262 hujus
1403 2183 1651 2243 der-num
1703 2186 1965 2244 accessio
2022 2186 2206 2261 facit,
2290 2197 2358 2245 ut
2420 2188 2549 2266 quis

566 2310 713 2350 vere
754 2289 968 2367 diguus
1012 2286 1430 2366 appellatione
1476 2288 1671 2366 critici
1720 2291 1956 2348 censeri
1995 2291 2223 2367 possit,
2279 2309 2412 2349 non
2451 2310 2550 2348 se-

568 2413 674 2452 cus
714 2412 785 2451 ac
828 2391 1093 2451 militem
1133 2408 1332 2470 neque
1375 2409 1547 2448 arma
1585 2389 1853 2465 faciunt,
1937 2413 2053 2451 nec
2105 2392 2434 2469 fortitudo,
2500 2392 2550 2450 si

566 2494 897 2575 disciplina
943 2502 1125 2571 atque
1176 2492 1542 2551 exercitatio
1590 2493 1764 2551 absit.
1849 2492 1979 2553 Est·
2005 2505 2208 2553 autem
2257 2497 2409 2555 haec
2458 2500 2550 2556 uti

565 2596 1086 2676 praestantissima
1128 2594 1195 2651 in
1242 2595 1459 2655 critico
1504 2599 1735 2673 virtus,
1767 2583 1861 2654 'ita
1904 2596 2115 2655 eadem
2160 2598 2346 2656 etiam
2387 2599 2550 2677 peri-

565 2697 974 2772 culosissima,
1063 2684 1192 2755 non
1263 2699 1429 2776 quod
1498 2700 1633 2777 quis
1704 2699 1966 2757 nimium
2038 2698 2264 2758 habere
2332 2698 2547 2780 judicii

562 2809 774 2881 queat,
849 2799 959 2858 scd
1011 2798 1176 2877 qnod
1230 2801 1398 2859 abuti
1456 2821 1527 2860 eo
1585 2802 1865 2880 proclive
1924 2811 2029 2860 est.
2141 2803 2341 2874 Quum
2385 2803 2547 2861 enim

563 2903 670 2983 qui
729 2902 854 2961 acri
908 2900 1142 2982 judicio
1203 2913 1346 2962 sunt
1357 2923 1396 2979 ‚·
1456 2905 1815 2983 plerumque
1857 2904 2167 2964 severiore
2207 2904 2447 2964 soleant
2488 2914 2552 2964 et

562 3006 902 3067 fervidiore
951 3003 1203 3083 ingenio
1247 3007 1509 3085 praediti
1552 3027 1717 3083 esse,
1790 3007 1973 3065 facile
2020 3027 2093 3066 eo
2144 3008 2548 3086 abripiuntur,

562 3121 633 3168 ut
673 3109 805 3167 sola
841 3107 1059 3190 judicii
1103 3108 1170 3165 vi
1213 3104 1672 3188 onmia'perfici
1712 3130 1893 3188 posse
1937 3110 2325 3187 existiment,
2371 3119 2548 3189 atque

560 3211 649 3270 ita
690 3211 875 3270 modo
920 3231 1022 3287 ea,
1065 3230 1216 3290 quae
1259 3211 1547 3270 discendo
1592 3211 1875 3290 cognosci
1920 3210 2178 3286 debent,
2221 3214 2550 3292 negligant,

560 3313 745 3371 modo
789 3333 1036 3372 sensum
1077 3314 1527 3399 admonitorem
1574 3335 1703 3374 non
1751 3314 2022 3373 audiant.
2121 3313 2277 3373 Non,
2309 3326 2403 3374 est
2442 3336 2553 3374 au-

558 3423 684 3472 tem
728 3415 1071 3490 obscurum,
1114 3436 1230 3495 pro
1270 3437 1499 3491 rerum,
1539 3437 1684 3495 quas
1727 3419 1861 3496 quis
1892 3425 2132 3491 tractet,
2173 3417 2546 3492 diversitate,

555 3516 697 3595 plus
739 3515 941 3575 minus
983 3537 1122 3576 eum
1169 3519 1336 3576 abuti
1376 3519 1615 3599 judicio
1654 3540 1848 3599 posse.
1939 3519 2098 3578 Sunt
2140 3521 2337 3593 enim,
2398 3540 2548 3597 quae

555 3617 741 3677 unice
780 3616 1015 3697 judicio
1058 3638 1210 3697 opus
1248 3619 1548 3680 habeant:
1620 3622 1691 3678 in
1752 3623 1967 3700 quibus
2023 3623 2233 3680 nullus
2288 3631 2379 3701 est
2437 3624 2544 3680 ab-

462 3732 471 3737 ’
556 3740 700 3780 usus
744 3718 978 3800 judicii.
1063 3721 1249 3779 Aliud
1294 3733 1386 3783 est
1425 3724 1627 3796 enim,
1669 3743 1991 3801 perperam
2030 3724 2341 3802 judicare,
2386 3725 2549 3803 quod

554 3832 758 3902 potest
799 3821 1077 3882 accidere
1125 3826 1308 3886 etiam
1349 3845 1475 3882 non
1520 3824 1798 3882 abutenti
1836 3825 2107 3903 judici03
2175 3825 2337 3885 aliud
2359 3869 2376 3899 ,
2436 3827 2547 3884 ab-

557 3925 650 3983 uti
689 3924 960 4005 judicio,
1021 3927 1184 4006 quod
1226 3928 1430 3985 facere
1467 3933 1669 4004 potest
1707 3929 1891 3986 etiam
1937 3929 2041 4005 qui
2086 3937 2251 3985 recte
2295 3927 2540 4006 judicat.

558 4023 722 4084 Sunt
790 4046 939 4085 vero
1007 4029 1221 4102 etiam,
1301 4046 1455 4105 quae
1517 4028 1961 4113 moderatorem
2024 4028 2238 4105 judicii
2298 4049 2542 4088 sensum
2591 4044 2602 4049 “

557 4128 766 4203 illum,
837 4133 1020 4206 niuem
1060 4131 1323 4189 diximus
1338 4174 1355 4205 ,
1429 4130 1776 4211 requirant:
1849 4133 1917 4189 in
1963 4150 2089 4207 quo
2128 4134 2351 4208 genere
2396 4151 2545 4208 pro-
