2890 4778
2256 365 2361 441 53

364 570 489 646 gas
506 598 531 638 ,
612 568 811 643 ‘quae
872 543 954 629 in
1029 541 1326 635 Graecis
1383 537 1826 641 [Latinisque
1881 545 2357 645 scriptoribus

365 676 811 769 illustrandis
848 672 1150 757 *condita
1206 674 1284 746 in
1334 673 1756 750 adversariis
1804 673 2063 783 habes,
2130 707 2352 783 eaque

366 841 537 888 cum
569 901 587 911 ι
619 810 954 887 studiosis
1030 811 1400 884 ‘bonarum
1498 808 1764 882 artium
1845 815 2350 919 communices.

363 945 586 1022 Vides
628 975 812 1048 quae
858 945 954 1020 sit
989 943 1298 1036 vastitas,
1345 962 1418 1014 et
1462 968 1679 1037 quam
1723 944 1938 1044 pauci
1979 970 2066 1020 ex
2108 972 2355 1019 recon-

358 1082 530 1157 ditis
592 1083 742 1167 illis
800 1079 1181 1155 Musarum
1240 1076 1586 1147 thesauris
1651 1075 1929 1174 aliquid
1982 1048 2374 1181 promunt*

354 1221 422 1292 A
475 1239 547 1291 te
592 1241 744 1288 uno
786 1227 1277 1309 exspectamus
1320 1209 1533 1309 plura
1582 1207 1799 1306 hujus
1841 1233 2086 1307 notae,
2128 1243 2347 1315 quam

356 1379 399 1424 a
474 1347 729 1424 ceteris
795 1344 1153 1424 omnibus,
1296 1341 1610 1417 Joannes
1680 1342 2104 1419 Phorbaeus
2182 1370 2345 1424 ante

355 1485 764 1583 complures
812 1506 1036 1556 annos
1091 1476 1460 1553 adornavit
1515 1475 1909 1564 editionem
1973 1479 2347 1581 Hesychii‚

354 1617 449 1691 ad
511 1645 728 1720 quam
792 1611 1288 1715 expoliendam
1349 1610 1501 1688 duo
1572 1611 1831 1688 habuit
1892 1616 2339 1716 exemplaria,

349 1753 596 1828 charta
646 1780 826 1852 pura
890 1750 1270 1838 instructa,
1349 1748 1615 1847 quibus
1678 1746 1944 1822 Daniel
1994 1751 2335 1825 Heinsius
2359 1758 2462 1832 64

343 1889 422 1960 in
462 1888 703 1987 primo
743 1884 987 1961 aetatis
1027 1884 1206 1959 flore
1248 1880 1722 1985 adscripscrat
1761 1883 2092 1983 plurima.
2195 1884 2333 1958 His

342 2023 791 2098 accesserunt
865 2019 1391 2095 observationes
1414 2032 1447 2089 .’
1475 2018 1778 2091 Henrici
1842 2016 2111 2092 Valesii
2145 2034 2329 2094 'non

341 2183 645 2257 paucae,
718 2180 909 2255 quas
974 2142 1356 2227 nobiscum
1427 2153 2041 2227 communicarant
2106 2153 2326 2230 Galli.

339 2290 777 2392 Spesetiam
826 2288 1039 2385 nobis
1083 2288 1266 2361 facta
1315 2307 1467 2364 erat
1518 2287 2212 2363 animadversionum
2256 2273 2329 2379 et

340 2426 884 2524 castigationum
932 2421 1321 2497 Pearsonii.
1443 2402 1590 2498 Se'd
1641 2450 1722 2497 ea
1766 2449 1961 2496 nunc
2021 2423 2324 2514 evanuit.

338 2561 756 2652 Phorbaeus
880 2579 1178 2656 quoque
1301 2557 1738 2655 complures·
1835 2577 1995 2631 ante
2100 2585 2324 2642 annos

339 2697 545 2771 obiit.
659 2696 871 2781 Quae
913 2712 1148 2763 tamen
1193 2691 1490 2788 collegit
1530 2693 1619 2765 ab
1660 2679 2050 2766 heredibus
2086 2714 2326 2770 custo÷

343 2831 665 2904 diuntur.
786 2825 1042 2902 Inveni
1103 2852 1299 2898 nunc
1347 2850 1498 2902 non
1547 2807 1922 2908 indoctum
1970 2833 2325 2924 juvenem,

336 2964 468 3065 qui
545 2963 693 3036 illis
748 2940 950 3061 operi
1036 2958 1604 3042 ,consummando
1694 2961 1865 3036 velit
1945 2959 2324 3048 admovere

332 3124 651 3194 mamm„
777 3096 966 3170 Cu'm
1049 3122 1215 3171 vero
1307 3096 1384 3188 in
1477 3096 1615 3171 isto
1689 3095 2061 3196 scriptore
2123 3095 2321 3168 resu-

329 3231 610 3308 tuendo
651 3251 726 3326 et
762 3227 1196 3308 illustrando
1239 3251 1310 3310 te
1357 3209 1667 3308 mtfltum
1711 3230 1953 3302 fuisse·
1982 3230 2190 3302 nobis
2226 3231 2321 3303 sit

331 3366 1002 3466 exploratissimum,
1081 3365 1303 3440 verbo
1344 3365 1558 3444 velim
1597 3389 1729 3446 nos
1775 3363 2109 3437 certiores
2158 3333 2320 3438 red-

333 3501 499 3600 das,
568 3530 747 3579 num
795 3499 1024 3586 ,otium
1075 3500 1210 3574 tibi
1265 3500 1357 3572 sit
1404 3515 1484 3581 ‘et
1535 3496 1816 3570 animus
1861 3519 1980 3578 tua
2020 3526 2320 3598 compo-

328 3626 550 3733 nendi
595 3657 667 3734 et
708 3635 803 3711 ad
842 3661 974 3710 nos
1017 3634 1374 3712 mittendi.
1485 3632 1565 3705 Si
1608 3633 1822 3706 vestri
1870 3657 2132 3708 novam
2151 3631 2320 3710 ‘He-2

332 3770 562 3871 sychii
605 3772 1006 3846 moliuntur
1047 3768 1478 3862 editionem,
1539 3767 1720 3840 haec
1762 3764 2037 3840 indicta
2076 3781 2318 3835 sunto,

326 3897 516 3977 Nam
567 3926 815 3979 contra
864 3902 1177 3976 officium
1202 3959 1208 3964 .
1237 3922 1421 3977 esset
1479 3919 1761 3974 exteros
1811 3897 2169 3998 praeferre
2195 3897 2322 3969 fci-

323 4037 554 4118 vibus.
715 4038 936 4131 Vale,
1040 4025 1101 4110 ὦ
1168 4034 1526 4136 φιλότης,
1624 4056 1697 4120 et
1781 4054 1897 4108 me
1984 4029 2093 4113 tui
2176 4007 2324 4114 stu-2
