2890 4778
2221 429 2327 507 29

332 623 514 707 nino
572 613 849 695 differri
906 612 1121 691 velim
1138 613 1175 710 ,²
1254 611 1494 691 donec
1544 612 1930 714 integriora
1991 614 2064 695 et
2113 615 2326 717 plura

334 759 465 832 illa
500 782 587 833 ex
630 752 893 833 chartis
938 749 1203 830 nostris
1257 748 1640 852 acceperis·
1744 748 1858 824 Te
1905 774 2074 824 vero
2121 754 2330 830 obse·-

335 914 492 990 cro‘,
556 912 639 967 ut
698 876 1081 966 certiorem
1135 912 1256 960 me
1314 884 1567 985 facias,
1646 910 1739 959 an
1794 878 1946 960 hoc
2006 906 2330 963 nostrum

330 1028 722 1106 consilium
762 1023 902 1098 tibi
943 1022 1226 1121 placeat
1272 1044 1539 1111 necne3
1599 1042 1674 1093 et
1722 1046 1965 1096 annon
2009 1046 2176 1096 sero
2225 1021 2342 1094 ni·

328 1165 472 1240 mis
490 1162 710 1235 ‘baec
763 1155 1100 1230 fabuler.'
1209 1151 1294 1233 Si
1358 1150 1554 1227 enim
1617 1157 1764 1252 jam
1834 1182 2088 1231 excusa
2164 1175 2338 1232 sunt

332 1302 792 1395 Fragmenta,
835 1314 969 1363 cur
1012 1314 1144 1389 ego
1186 1286 1476 1361 inanem
1518 1285 1604 1361 in'
1639 1285 2118 1365 describendo
2163 1317 2338 1392 ope-

341 1457 502 1508 ram
550 1451 964 1503 consumam
981 1423 1022 1500 ‘2
1139 1422 1353 1499 Mitte
1396 1448 1568 1500 vero
1613 1421 1715 1496 ad
1766 1450 1886 1499 me
1934 1424 2207 1498 litteras
2254 1398 2341 1502 ut

343 1564 664 1671 primum
701 1561 837 1636 tibi
883 1560 1020 1635 erit
1066 1557 1536 1636 commodum
1580 1550 1713 1659 per
1751 1559 2164 1637 tabellarios
2204 1580 2343 1664 pui-

343 1702 619 1776 blicos:
682 1724 851 1772 nam
897 1694 1319 1801 pecuniolae
1377 1692 1573 1769 illud
1637 1691 2103 1795 dispendium
2148 1697 2343 1774 nihil

339 1862 610 1913 moror.
712 1830 936 1923 Quod
966 1832 1030 1907 si
1070 1832 1287 1907 etiam
1322 1828 1533 1925 folia,
1595 1851 1962 1933 quotquot
1995 1833 2341 1937 impressa

337 2000 537 2048 nunc
590 1991 791 2066 sunt,
866 1996 1000 2069 per
1047 1966 1547 2046 Wetstenium
1587 1967 1710 2043 vel
1756 1967 1979 2042 alium
2018 1970 2342 2070 quemvis

339 2107 437 2183 ad
498 2107 976 2208 bibliopolam
1041 2100 1444 2204 quemlibet
1503 2129 1592 2178 ex
1649 2102 1915 2178 nostris
1972 2104 2346 2180 tradantur

345 2243 441 2319 ad
486 2247 604 2318 me
649 2241 1042 2340 mittenda3
1111 2259 1306 2314 recte
1349 2258 1458 2312 sat
1500 2237 1657 2313 scio
1709 2242 2194 2341 curabuntur3
2270 2264 2345 2318 et

347 2406 441 2456 eo
478 2401 691 2481 pacto
738 2377 873 2451 ubi
920 2379 1231 2451 formam
1289 2395 1363 2450 et
1405 2374 1760 2452 rationem
1827 2376 2065 2477 operis
2109 2379 2350 2475 pervi-

355 2514 567 2611 dero,
647 2513 858 2610 plura
915 2512 1212 2586 fortasse
1255 2500 1353 2586 ad
1397 2510 1794 2586 editionem
1842 2529 2044 2587 tuam
2083 2518 2347 2590 ornan-

350 2650 521 2725 dam
562 2649 895 2725 conferre
930 2643 1213 2745 potero.
1310 2646 1462 2721 Sed
1504 2645 1687 2721 haec
1713 2646 1952 2749 primo
1979 2672 2345 2727 autumno.

348 2784 569 2862 Nunc
612 2811 734 2859 me
779 2804 1115 2858 exercent
1151 2779 1665 2882 praelectiones
1705 2811 1938 2885 nuper
1975 2812 2017 2858 a
2060 2811 2178 2860 me
2217 2785 2350 2861 ha·

349 2905 545 2994 bitae
581 2918 916 2994 adversus
968 2916 1365 3017 Religionis
1407 2918 1539 2992 Xt.
1589 2917 1872 3016 hostes,
1943 2946 2130 3020 quae
2179 2947 2351 2995 mox

340 3054 568 3157 prelo
613 3051 1103 3152 subjiciendae
1167 3074 1354 3127 sunt.
1464 3052 1625 3130 Hae
1669 3036 2041 3150 ,obeuntur
2093 3081 2182 3131 ex
2243 3078 2350 3132 te-

350 3210 705 3264 stamento
748 3187 1181 3266 nobilissimi
1220 3209 1292 3263 et
1331 3189 1545 3290 plane
1595 3189 1823 3265 divini
1862 3189 2063 3266 illius
2104 3179 2351 3288 herois

349 3324 654 3401 Roberti
692 3323 985 3427 Boylei‚
1065 3323 1249 3397 fama
1306 3352 1522 3427 super
1576 3323 1866 3398 aethera
1928 3328 2106 3402 noti.
2191 3322 2352 3405 'Ad

347 3460 499 3536 hoc
546 3488 810 3536 munus
857 3461 1140 3563 primus
1175 3461 1504 3535 omnium
1541 3458 1867 3536 delectus
1899 3488 2060 3537 sum
2085 3465 2349 3542 abhinc
2375 3477 2472 3548 55

347 3594 758 3673 triennium.
862 3599 1080 3671 Anno
1128 3595 1394 3696 elapso,
1458 3620 1576 3671 me
1625 3597 1909 3700 excepit
1943 3583 2352 3703 ‘Episcopus

353 3728 877 3848 Bathoniensis.
979 3729 1052 3804 N
1055 3758 1201 3804 unc
1225 3731 1493 3805 iterum
1528 3753 1880 3830 evocatu‘S‚
1933 3734 2018 3807 in*
2051 3762 2138 3811 eo
2168 3761 2351 3832 sum,

353 3884 438 3937 ut
481 3863 560 3937 in
610 3867 852 3940 lucem
914 3865 1279 3966 publicam
1329 3866 1573 3962 edam,
1646 3894 1828 3966 quae
1874 3866 2070 3970 apud
2120 3894 2356 3974 popu-

357 3997 513 4071 lum
560 4002 1022 4077 concionatus
1076 4026 1255 4072 sum.
1385 3999 1673 4082 Priores
1733 4003 1902 4075 illae
1967 4000 2354 4076 conciones

358 4135 507 4228 jam
552 4136 932 4237 aliquoties
982 4160 1276 4210 excusae
1329 4157 1513 4211 sunt.
1642 4131 1866 4241 Quod
1916 4129 2010 4205 ad
2068 4134 2356 4211 Cicero-
