2890 4778
1581 845 1648 905 C.

802 991 1462 1092 ‘GODOFR
1579 977 2399 1087 HERMANNI

1291 1184 1950 1248 DISSERTATIO

1576 1343 1665 1383 nr.
2827 1313 2828 1382 l

627 1472 1567 1565 RICHARDO
1683 1473 2642 1565 BENTLEIO
2827 1565 2828 1654 Ν

1046 1680 1360 1741 EIUSQUE
1409 1682 1765 1729 EDITIONE
1810 1678 2182 1727 TERENTII.

951 1808 1115 1889 LiPS.
1192 1830 1246 1868 a.
1333 1810 1515 1887 1819.
1585 1830 1647 1891 p.
1710 1807 2068 1868 l—xxlv.
2154 1809 2280 1868 4t0.

464 2129 469 2133 .
542 2082 581 2143 3
622 2042 744 2146 R.
781 2078 1133 2142 Bentleium
1166 2085 1544 2159 quantopere
1583 2078 1887 2153 admirer,
1929 2078 2250 2142 Candidati
2285 2081 2612 2143 humanis-

522 2235 528 2243 .
623 2186 795 2263 simi,
873 2204 1060 2264 quum
1117 2184 1188 2242 in
1241 2181 1483 2260 scriptis
1543 2182 1695 2241 meis
1745 2202 1925 2262 saepe
1968 2182 2313 2258 declaravi,
2382 2194 2519 2245 tum
2560 2186 2603 2245 ii

604 2275 826 2347 ¹sciunt
883 2306 1120 2359 omnes,
1188 2285 1295 2364 qui
1347 2284 1453 2344 vel
1506 2283 1729 2343 scholis
1772 2285 1927 2344 meis
1972 2286 2077 2346 vel
2117 2283 2413 2349 familiari
2454 2309 2602 2357 con-

621 2391 945 2452 suetudine
994 2391 1089 2450 usi
1141 2397 1310 2448 sunt:
1388 2387 1707 2467 habeoque
1756 2409 1889 2448 eam
1928 2387 2390 2450 admirationem
2433 2393 2597 2470 quasi

618 2493 1054 2554 hereditariam
1111 2512 1149 2551 a
1198 2500 1595 2570 praeceptore
1647 2511 1820 2567 mec,
1888 2487 1934 2548 F
1935 2491 2118 2550 rider.
2158 2490 2329 2571 Volg.
2369 2491 2592 2568 Reizio,

621 2598 728 2674 qui
780 2614 1112 2673 numquam
1167 2592 1527 2652 nominabat
1576 2592 1959 2669 Bentleium,
2029 2575 2158 2654 nisi
2201 2614 2341 2654 cum
2398 2596 2593 2674 aliqua

617 2696 1004 2756 reverentiae
1055 2693 1500 2773 significatione
1519 2740 1538 2771 ,
1601 2704 1957 2774 tantumque
2012 2696 2070 2754 ei
2129 2696 2463 2773 tribuebat,
2525 2706 2591 2757 ut

619 2818 759 2858 eum
840 2795 1156 2877 discipulis
1241 2799 1363 2856 suis
1441 2807 1751 2877 tamquam
1828 2797 2328 2878 perfectissimum
2399 2801 2590 2865 critici
2629 2818 2636 2825 “

618 2900 973 2979 exemplum
999 2901 1013 2912 ⁶
1042 2906 1434 2979 proponeret.
1560 2897 1744 2971 Quod
1822 2901 1944 2960 viri
2019 2901 2230 2959 eximii
2300 2901 2587 2982 judicium

618 3023 807 3082 quum
849 3001 1005 3062 mihi
1045 3002 1433 3062 verissimum
1478 3021 1608 3061 esse
1646 3001 1958 3077 videatur,
1998 3001 2157 3063 facio
2196 3024 2307 3083 ego
2348 3006 2588 3083 quidem

615 3106 810 3183 idem,
893 3114 966 3163 ut
1017 3104 1533 3178 adolescentibus,
1608 3104 1714 3185 qui
1762 3104 2138 3184 antiquitatis
2191 3105 2388 3166 studia
2446 3128 2589 3166 con-

615 3217 927 3267 sectantur
940 3206 981 3283 ,'
1022 3205 1365 3266 Bentleium
1409 3226 1555 3286 prae
1599 3207 1856 3265 caeteris
1895 3206 2111 3287 ducem
2155 3209 2586 3287 commendem,

612 3319 1039 3369 verumtamen
1080 3310 1170 3369 ita
1210 3310 1276 3369 id
1317 3309 1523 3368 facere
1566 3309 1888 3384 consuevi,
1967 3319 2038 3369 ut
2088 3309 2274 3369 simul
2316 3332 2421 3370 eos
2459 3335 2588 3373 mo-

609 3429 824 3485 neam,
898 3431 1013 3487 ne,
1083 3413 1138 3470 si
1181 3413 1349 3471 viam
1390 3411 1746 3471 inveniendi
1789 3412 1925 3472 veri
1966 3422 2191 3472 rectam
2237 3413 2313 3472 ab
2356 3435 2430 3474 eo
2462 3417 2588 3475 ‘sibi

534 3512 547 3516 ’
610 3512 940 3570 monstrari
980 3511 1266 3587 videant,
1324 3515 1623 3572 continuo
1666 3514 1883 3590 etiam,
1940 3534 2091 3594 quae
2130 3514 2445 3578 invenerit
2471 3519 2585 3578 'ille

609 3612 729 3673 hac
774 3613 907 3688 via,
965 3631 1114 3672 vera
1154 3632 1284 3671 esse
1327 3613 1610 3689 credant,
1668 3615 1776 3674 sed
1812 3616 2053 3697 potina,
2112 3612 2468 3679 conservata
2502 3621 2585 3679 li-

609 3720 853 3778 bertate*
904 3713 1258 3796 judicandi,
1337 3715 1554 3774 eadem
1607 3716 1745 3792 via,
1826 3739 1907 3779 an
1959 3720 2068 3778 ille
2125 3720 2503 3780 aberraverit
2549 3745 2584 3782 a

610 3840 794 3896 vem,
868 3818 1218 3899 perspicere
1260 3816 1560 3876 studeant.
1648 3817 1742 3877 De
1784 3841 1902 3899 qua
1942 3822 2032 3881 rel
2058 3818 2280 3901 opera‘e
2320 3818 2584 3902 pretium

610 3922 826 4002 putavi
853 3922 1064 4003 paucis
1097 3939 1438 4003 exponere,
1480 3923 1841 3999 praesertim
1875 3943 2062 4002 quum
2091 3924 2337 3985 videam
2362 3924 2582 3996 Frider,

613 4026 762 4105 Aug.
806 4025 1126 4101 Wolfium,
1201 4023 1303 4102 qui
1342 4022 1410 4080 in
1452 4023 1761 4085 Analectis
1807 4026 2125 4086 litterariis
2167 4028 2291 4087 vol.
2334 4027 2376 4086 Ι.
2418 4049 2581 4107 egre—

596 4126 709 4205 'gie
751 4127 827 4188 de
861 4127 1142 4190 Bentleio
1186 4126 1536 4217 disseruit„
1573 4127 1768 4208 illud,
1826 4127 1988 4207 quod
2032 4128 2100 4188 in
2141 4130 2353 4210 primis
2399 4153 2434 4190 a
2473 4134 2579 4193 tali
