2890 4778
2217 305 2226 323 ’
2283 345 2363 397 11

356 529 1025 641 ‚exploratissimis
1088 524 1477 624 facerem,
1562 525 1954 612 suadebat
2000 537 2362 641 ipsorum

377 686 863 774 magnorum
896 670 1247 743 virorum
1277 668 1742 762 reverentia,
1787 669 1952 771 qui,
1998 693 2251 774 quum
2274 680 2365 752 in

254 883 271 897 ,.
384 805 721 880 summis
763 805 1100 906 negotiis
1147 796 1882 903 ardentissimisque
1922 799 2367 884 litterarum

383 933 670 1013 studiis
733 947 1232 1012 versarentur
1251 985 1276 1026 ‚
1363 957 1533 1009 non
1609 929 2107 1041 trepidarent
2166 941 2372 1017 circa

380 1067 817 1151 verborum
841 1068 1229 1145 minutias
1267 1067 1354 1139 in
1382 1056 1888 1143 familiaribus
1921 1073 2401 1153 amicorum

383 1196 921 1282 sermonibus,
1056 1194 1453 1300 Exemplo
1526 1201 1704 1292 sit‚·
1762 1195 1984 1305 quod
2053 1225 2136 1305 p.
2189 1207 2372 1287 183.

390 1337 715 1440 saepius
801 1334 1133 1409 recurrit
1199 1322 1460 1433 αὖταρ
1523 1350 1680 1434 pro
1741 1308 2035 1433 aih-dp,
2127 1335 2374 1439 quod,

362 1492 650 1573 quum
702 1468 952 1543 etiam
1003 1467 1092 1543 iu
1149 1461 1301 1542 alia
1330 1456 1723 1570 xejusdem
1782 1462 2416 1568 epistolae.edi-·

391 1605 616 1681 tione
660 1590 747 1703 *)
829 1601 971 1676 ita*
1009 1600 1398 1702 scriptum
1449 1569 1964 1702 reperissem,
2055 1616 2377 1688 mutare

386 1734 590 1814 mihi
662 1729 854 1809 duxi
928 1729 1310 1836 religioni.
1451 1731 1726 1835 Atque
1799 1727 1953 1809 hac
2021 1740 2378 1816 maxima

254 1886 261 1889 “
389 1848 585 1947 med
641 1890 833 1942 cura-
888 1861 1213 1961 accidit,
1269 1878 1365 1940 ut
1415 1863 1845 1971 nonnulla,
1913 1889 2123 1970 quae
2181 1894 2387 1973 quoq

392 2006 507 2080 vis
547 2004 881 2077 nomine
926 1993 1334 2076 debebant
1395 2001 1712 2099 corrigi,
1759 2000 2065 2075 intacta
2102 2026 2382 2081 mane-

390 2149 614 2230 rent,
660 2131 913 2213 veluti
961 2128 1183 2237 quod
1227 2156 1307 2237 p.
1339 2133 1469 2236 98.
1505 2129 1896 2210 Necorus
1918 2131 2207 2239 legitur
2229 2160 2380 2242 pro

260 2260 295 2385 ἰ
395 2266 873 2357 Νεοοονιιε,
932 2291 1013 2370 p.
1060 2266 1239 2365 145.
1277 2266 1413 2342 Le
1463 2262 1716 2342 Crose
1751 2289 1900 2368 pro
1939 2267 2079 2344 La
2126 2266 2382 2355 Cnose

394 2406 560 2479 sive
603 2400 743 2505 La
775 2397 1082 2488 Croze,
1153 2421 1233 2500 p.
1276 2399 1458 2475 152.
1509 2402 1597 2471 iu
1654 2417 1884 2472 versu
1939 2396 2388 2480 celebratis-

394 2538 607 2612 simo
651 2497 935 2609 secum
983 2552 1131 2632 pro
1173 2554 1437 2604 suum.
1493 2526 1497 2530 ⁴
1549 2524 1952 2624 Lacunam,
2002 2556 2209 2637 quae
2252 2534 2388 2616 hic

392 2667 554 2746 illic
600 2637 1392 2756 animadvertuntur,
1434 2655 1835 2765 profectas
1876 2683 2078 2770 puto
2114 2666 2215 2747 ab
2256 2697 2387 2747 ex..

399 2802 709 2876 stinctis
764 2795 1206 2875 litterarum
1279 2790 1670 2873 ductibus.
1798 2795 2109 2879 Verum
2174 2828 2390 2908 quae

399 2927 838 3036 Lipsiensis
878 3025 887 3030 ,
927 2925 1404 3035 typothetae
1481 2954 1740 3012 errore
1813 2927 2134 3014 turbata
2195 2952 2396 3015 sunt-

399 3091 483 3171 p.
526 3068 706 3145 130.
760 3090 932 3143 non
972 3068 1207 3169 potui
1247 3060 1508 3162 ferre,'
1559 3062 1702 3145 sed
1742 3063 2059 3150 librario
2106 3088 2392 3150 auctor

399 3197 559 3295 fui,
628 3214 722 3279 ut
778 3213 1049 3277 totum
1091 3191 1378 3278 folium
1434 3196 1965 3290 recuderetur.
2076 3203 2391 3308 In‘epi-

250 3335 267 3354 ‘
401 3332 623 3412 stolis
652 3330 983 3437 Anglice
1026 3334 1334 3435 scriptis
1375 3338 1608 3429 satis,
1653 3358 1929 3438 spero,
1977 3336 2167 3416 talia
2207 3362 2392 3442 pro·

403 3464 607 3545 vidit
633 3470 745 3546 vir
777 3464 1275 3560 clarissimus,
1348 3462 1442 3542 V.
1474 3467 1564 3543 F.
1593 3466 1690 3543 L.
1722 3467 2004 3562 Petri,
2064 3493 2394 3576 gymna-

404 3604 507 3678 sii
557 3600 973 3697 Martinei,
1044 3596 1265 3704 quod
1306 3603 1393 3679 in
1427 3597 1581 3676 hac
1636 3596 1831 3680 urbe
1871 3618 2032 3699 est,
2090 3598 2393 3708 praefe-

410 3817 613 3842 ἀ-ι--ιι

551 3911 620 3995 *)
658 3909 1172 3979 Adissertat.i011
1200 3933 1384 4003 upon
1413 3863 1530 3979 the
1561 3905 1823 4002 epistles
1855 3913 1937 3979 of
1956 3909 2251 3978 Phalaris
2272 3923 2395 3977 etc.

409 4015 628 4100 byR.
657 4016 955 4116 Bentley.
992 4017 1121 4083 Ed.
1155 4017 1225 4084 N
1232 4039 1333 4083 ov.
1360 4017 1597 4083 Lon'd.
1643 4022 1766 4086 181
1789 4042 1848 4099 7.
1889 4028 1954 4105 ρ’.
1991 4022 2126 4082 441
2165 4038 2266 4102 sq..
