2890 4778
2225 376 2325 448 fi?

324 567 562 613 ‚oavn
598 539 929 628 13ὲαύτῷ
972 539 1344 608 uncum
1387 539 1472 605 ἓν
1511 524 2180 639 Εἶρήνῄ,,3ςι11ᾱ3ω
2217 553 2325 614 ὐἱ-.-
2434 581 2438 586 ·

333 651 432 709 hil
461 652 617 709 certi
644 649 878 723 habe03
924 656 987 706 et
1025 665 1152 704 una
1189 650 1393 704 tecum
1435 644 1859 724 ampliandum
1896 669 2029 711 esse
2071 674 2320 719 censeoz

333 753 460 810 nisi
499 751 660 812 forte
690 749 860 832 quod
891 748 1016 824 jam
1056 768 1223 807 nunc
1263 749 1422 809 mihi
1463 750 1875 810 succurrit'tu
1918 752 2151 833 aliquid
2189 776 2320 830 ‘esse

321 855 661 913 censueris.
746 852 981 911 Poteris
1021 850 1189 912 enim
1216 851 1344 926 sic,
1384 847 1668 937 φράσις
1704 848 1786 916 δὲ
1825 850 2010 938 αὐτὴ
2050 851 2323 923 λέλεκται

324 956 398 1018 -ἒν
438 946 706 1045 Εἰρήνη·
779 953 899 1013 hoc
941 962 1062 1030 est,
1132 951 1371 1012 Eadem
1401 952 1658 1031 phrasis
1693 951 2006 1015 habetur
1994 958 2061 1015 in
2082 956 2324 1039 fabula

330 1056 513 1117 Pace.
599 1057 683 1115 Ut
735 1056 904 1121 enim
957 1053 1060 1113 hic
1118 1063 1209 1112 est
1249 1041 1508 1129 Ηλθὲς
1557 1051 1627 1119 δὲ
1677 1056 1832 1120 κατὰ
1886 1061 1977 1134 τίς
2057 1060 2149 1119 ita
2188 1061 2323 1128 illie

322 1155 956 1238 'p.44o.[v.191.]
1034 1144 1244 1241 ’Ήκεις
1300 1151 1371 1218 δὲ
1426 1152 1584 1219 κατὰ
1647 1161 1729 1220 τί.
1807 1158 2092 1239 Denique
2156 1163 2324 1243 quod

330 1282 390 1340 p.
441 1262 537 1336 74.
577 1259 688 1339 [ad
730 1281 789 1320 v.
829 1254 1008 1337 265]
1050 1258 1121 1317 in
1163 1255 1433 1316 Scholiis
1473 1257 1763 1336 habetur,
1803 1257 2104 1346 Μῳικρἵς
2144 1265 2322 1346 φιλο.

326 1355 538 1441 σόφων
583 1354 792 1445 λόγοις
834 1360 983 1442 ἀέρα
1020 1355 1307 1446 βούλεται
1347 1355 1509 1424 εἶναι
1544 1357 1615 1424 τὸ
1658 1361 1814 1438 πᾶν,
1861 1365 2210 1444 sententia,
2252 1375 2324 1427 ut

330 1474 512 1543 puto,
584 1462 742 1522 mihi
788 1472 1168 1541 compertum
1208 1470 1331 1538 est3
1415 1461 1676 1523 verbum
1734 1473 1945 1524 tamen
1995 1469 2170 1545 quod
2212 1468 2321 1529 hic

330 1566 509 1640 latet,
591 1584 761 1624 nunc
821 1564 1069 1642 quidem
1131 1564 1438 1643 expiscari
1497 1585 1767 1644 nequeo.
1854 1564 2084 1629 53113113
2154 1581 2321 1633 certe

330 1668 435 1727 hic
476 1679 594 1742 est,
654 1651 919 1746 perinde
959 1685 1030 1724 ac
1073 1666 1124 1723 si
1171 1665 1462 1743 dixisset,
1538 1667 1933 1748 ἑπομένως
1975 1679 2102 1745 τοῖς
2142 1670 2321 1753 φιλο-

331 1763 538 1848 σόφων
573 1758 780 1850 λόγοις
818 1768 970 1851 ἀέρα
1011 1777 1124 1826 etc.
1210 1765 1569 1828 Secundum
1604 1768 2122 1851 Philosophorum
2164 1775 2321 1856 dog..

329 1883 496 1930 mata
537 1870 689 1929 dicit
734 1891 862 1930 esse
910 1867 1130 1929 Omne.
1215 1869 1363 1930 Non
1405 1871 1607 1948 enim,
1674 1872 1894 1949 credo,
1949 1875 2019 1933 in
2056 1886 2322 1963 μερικοῒς

330 1972 693 2032 subolfacies
752 1970 824 2035 τὸ
877 1967 1283 2056 Ἐρετρικοῒς,
1370 1992 1526 2051 quae
1583 1982 1748 2033 secta
1802 1974 2320 2058 philosophorum

330 2086 462 2136 erat
501 2097 537 2134 a
577 2075 943 2134 Menedemo
990 2094 1222 2132 nomen
1261 2085 1459 2134 nacta.
1566 2075 1765 2154 Atque
1806 2075 1963 2136 haec
2002 2079 2317 2142 hactenus.

499 2175 844 2236 Omiseram
903 2175 1052 2254 quid
1106 2194 1239 2252 pag.
1288 2175 1424 2235 105.
1485 2173 1618 2251 [Κ.
1664 2195 1723 2236 v.
1771 2174 1917 2253 867.
1973 2210 2060 2225 --
2096 2180 2214 2243 Βν.
2255 2203 2319 2252 v.

230 2289 237 2298 ‘
316 2275 505 2354 ’869.]
549 2278 711 2357 quod
753 2277 858 2336 hic
902 2277 1083 2333 extra
1120 2274 1402 2341 ordinem
1442 2296 1692 2356 ponam,

583 2377 713 2443 Καὶ
753 2373 872 2442 τῶν
911 2376 1366 2471 κρεμαθρῶν
1413 2373 1483 2442 οὗ
1525 2382 1748 2464 τρίβων
1787 2379 1915 2446 τῶν
1950 2374 2196 2451 {wade-

498 2481 710 2587 Atqui
725 2503 786 2560 p.
831 2498 927 2556 71.
976 2479 1064 2560 [v.
1105 2479 1283 2557 218]
1329 2481 1660 2558 corripitur
1698 2502 1773 2541 ea
1812 2503 1969 2563 vox,
2029 2484 2178 2552 οὑπὶ
2211 2492 2321 2572 τῆς
2389 2486 2394 2491 ’

330 2558 710 2666 κρεμάθρας
723 2579 798 2644 ἅτ
802 2580 904 2664 ὴρ,
964 2591 1142 2662 atque
1181 2582 1268 2640 113
1311 2584 1607 2662 pleraque
1648 2582 1778 2664 ejus
1822 2588 2062 2667 generis
2107 2592 2321 2650 omnia

331 2686 497 2765 apud
539 2685 853 2744 Nostrum.
937 2683 1096 2764 Ergo
1137 2694 1242 2743 aut
1278 2683 1383 2743 hic
1422 2687 1850 2803 κρεμαστρῶν
1892 2691 2316 2771 conjiciebam,

333 2797 451 2846 aut
480 2788 661 2862 alias,
719 2787 820 2850 καὶ
860 2783 979 2850 τῶν
1021 2788 1394 2869 κρεμαθρῶν
1435 2781 1602 2851 ούπω
1646 2792 1876 2882 τρφων
1905 2792 2023 2856 τῶν
2063 2787 2314 2857 ἐνθάδε.

333 2889 457 2949 Sed
530 2890 673 2968 quia
754 2885 973 2946 Suidas
1047 2887 1116 2944 in
1200 2881 1513 2972 Νηπύτιος
1585 2891 1898 2969 vulgatam
1973 2893 2316 2956 lectionem

332 2991 636 3070 agnoscit,
678 2994 742 3047 'et
778 2989 1048 3049 secunda
1081 2985 1195 3052 τοῦ
1228 2991 1555 3074 κρέμαθρα
1591 2992 1780 3071 (apud
1810 2992 2034 3071 Epicos
2073 2992 2314 3078 saltem)

331 3093 610 3170 ambigua
657 3100 778 3167 est,
832 3092 974 3150 ideo
1018 3101 1164 3149 tunc
1206 3093 1392 3150 tacui.
1491 3092 1675 3153 Nunc
1719 3103 1922 3154 autem
1959 3096 2067 3154 ubi
2105 3096 2321 3157 Pollu.

331 3215 466 3254 cem
505 3193 572 3252 iu
616 3193 831 3252 munus
872 3196 1203 3273 cepissem,
1241 3195 1424 3257 video
1471 3215 1610 3254 eum
1654 3195 1764 3254 lib.
1803 3195 1893 3254 X0
1940 3198 2320 3283 κρέμαστραν

331 3299 520 3356 citare
562 3316 644 3355 ex
682 3295 996 3374 Aristoph.
1037 3295 1322 3357 Nubibus
1331 3325 1355 3375 ‚-
1412 3307 1483 3355 ut
1524 3296 1676 3375 quin
1716 3297 1807 3355 ita
1846 3295 1948 3357 hic
1985 3301 2318 3380 legendum

328 3402 443 3475 sit,
484 3398 648 3457 nihil
694 3407 786 3457 est
825 3400 985 3478 quod
1030 3419 1199 3458 nunc
1244 3398 1535 3459 dubitem.
1953 3420 1961 3430 =
2165 3390 2169 3395 ’

494 3498 574 3558 Et
621 3520 817 3583 nuncx
847 3501 1098 3561 tandem
1150 3520 1401 3560 manum
1460 3500 1537 3559 de
1595 3500 1821 3560 tabula.
1905 3500 2110 3565 Unum
2153 3488 2318 3567 dmi-

325 3612 495 3661 taxat
552 3603 933 3662 monendum
990 3603 1190 3662 adhuc
1241 3611 1464 3677 restat3
1539 3602 1880 3662 curandum
1926 3626 2189 3687 nempe,
2245 3617 2320 3667 ut

327 3703 398 3759 in
437 3702 614 3764 teittu
653 3701 727 3768 τὸ
771 3729 809 3769 ’ν
846 3704 1034 3764 finale
1074 3724 1316 3784 semper
1357 3714 1705 3785 apponatur
1741 3707 1849 3765 ubi
1893 3709 2130 3787 syllaba
2167 3709 2315 3767 lon-

331 3823 406 3880 ga
446 3814 571 3880 est;
627 3807 793 3884 quod
833 3809 902 3866 in
950 3808 1131 3869 editis
1169 3808 1539 3886 plerumque
1575 3807 1784 3866 abesse
1826 3791 2018 3886 solet,
2071 3818 2136 3868 et
2169 3829 2315 3868 cru-

330 3923 463 3961 cem
515 3903 644 3982 figit
687 3907 1000 3987 studiosis,
1087 3910 1196 3987 qui
1250 3917 1449 3969 metra
1500 3907 1750 3969 Comica
1802 3909 1961 3969 scire
2019 3911 2313 3990 cupiunt:

329 4014 398 4062 ut
437 4024 500 4084 p.
547 4003 647 4062 63.
696 4010 777 4076 [v.
821 4012 943 4083 74]
2243 4026 2246 4029 '

583 4100 723 4168 ἄλλ’
766 4103 1027 4194 ἵππερόν
1070 4133 1192 4191 μου
1230 4111 1545 4194 κατέχεε
1588 4110 1708 4175 τῶν
1748 4101 2082 4196 χρημάτων.

1487 4231 1523 4268 3
1561 4227 1597 4267 2

1244 4372 1274 4423 ⁸
2034 4325 2237 4452 =s
