<?xml version="1.0" encoding="UTF-8"?>
<!DOCTYPE html PUBLIC "-//W3C//DTD XHTML 1.0 Transitional//EN"
    "http://www.w3.org/TR/xhtml1/DTD/xhtml1-transitional.dtd">
<html xmlns="http://www.w3.org/1999/xhtml" xml:lang="en" lang="en">
 <head>
  <title>
</title>
<meta http-equiv="Content-Type" content="text/html;charset=utf-8" />
  <meta name='ocr-system' content='tesseract 3.04.00' />
  <meta name='ocr-capabilities' content='ocr_page ocr_carea ocr_par ocr_line ocrx_word'/>
</head>
<body>
  <div class='ocr_page' id='page_1' title='image "./richardibentlei01hermgoog_0424.png"; bbox 0 0 2890 4778; ppageno 0'>
   <div class='ocr_carea' id='block_1_1' title="bbox 484 537 2709 4130">
    <p class='ocr_par' dir='ltr' id='par_1_1' title="bbox 590 537 2646 1463">
     <span class='ocr_line' id='line_1_1' title="bbox 606 537 2646 646; baseline 0 -23"><span class='ocrx_word' id='word_1_1' title='bbox 606 564 982 643; x_wconf 82' lang='lat' dir='ltr'><strong>Quamquam</strong></span> <span class='ocrx_word' id='word_1_2' title='bbox 1020 542 1174 623; x_wconf 72' lang='lat' dir='ltr'>haec</span> <span class='ocrx_word' id='word_1_3' title='bbox 1194 537 1199 548; x_wconf 25' lang='grc' dir='ltr'>ι</span> <span class='ocrx_word' id='word_1_4' title='bbox 1220 579 1461 642; x_wconf 86' lang='lat' dir='ltr'>quoque</span> <span class='ocrx_word' id='word_1_5' title='bbox 1503 560 1872 643; x_wconf 62' lang='lat' dir='ltr'>speciosior}</span> <span class='ocrx_word' id='word_1_6' title='bbox 1936 580 2119 641; x_wconf 88' lang='lat' dir='ltr'>quam</span> <span class='ocrx_word' id='word_1_7' title='bbox 2160 561 2379 623; x_wconf 77' lang='lat' dir='ltr'>verior</span> <span class='ocrx_word' id='word_1_8' title='bbox 2425 583 2646 646; x_wconf 82' lang='lat' dir='ltr'>argu-</span> 
     </span>
     <span class='ocr_line' id='line_1_2' title="bbox 603 663 2642 745; baseline 0 -20"><span class='ocrx_word' id='word_1_9' title='bbox 603 666 900 726; x_wconf 85' lang='lat' dir='ltr'>mentatio</span> <span class='ocrx_word' id='word_1_10' title='bbox 955 663 1140 725; x_wconf 84' lang='lat' dir='ltr'>foret.</span> <span class='ocrx_word' id='word_1_11' title='bbox 1224 664 1398 725; x_wconf 81' lang='lat' dir='ltr'>Adeo</span> <span class='ocrx_word' id='word_1_12' title='bbox 1458 664 1628 725; x_wconf 89' lang='lat' dir='ltr'>enim</span> <span class='ocrx_word' id='word_1_13' title='bbox 1678 664 1935 745; x_wconf 82' lang='lat' dir='ltr'>planum</span> <span class='ocrx_word' id='word_1_14' title='bbox 1973 669 2113 740; x_wconf 63' lang='lat' dir='ltr'>2est,</span> <span class='ocrx_word' id='word_1_15' title='bbox 2192 664 2272 725; x_wconf 85' lang='lat' dir='ltr'>de</span> <span class='ocrx_word' id='word_1_16' title='bbox 2312 670 2642 729; x_wconf 82' lang='lat' dir='ltr'>omnibus</span> 
     </span>
     <span class='ocr_line' id='line_1_3' title="bbox 600 765 2636 849; baseline 0 -22"><span class='ocrx_word' id='word_1_17' title='bbox 600 770 800 849; x_wconf 87' lang='lat' dir='ltr'>poetis</span> <span class='ocrx_word' id='word_1_18' title='bbox 845 768 953 828; x_wconf 89' lang='lat' dir='ltr'>hic</span> <span class='ocrx_word' id='word_1_19' title='bbox 1010 787 1359 828; x_wconf 82' lang='lat' dir='ltr'>sermonem</span> <span class='ocrx_word' id='word_1_20' title='bbox 1416 787 1579 841; x_wconf 73' lang='lat' dir='ltr'>ease,</span> <span class='ocrx_word' id='word_1_21' title='bbox 1654 777 1752 842; x_wconf 90' lang='lat' dir='ltr'>ut,</span> <span class='ocrx_word' id='word_1_22' title='bbox 1812 767 1945 827; x_wconf 83' lang='lat' dir='ltr'>sive</span> <span class='ocrx_word' id='word_1_23' title='bbox 2005 765 2158 835; x_wconf 73' lang='lat' dir='ltr'>huic</span> <span class='ocrx_word' id='word_1_24' title='bbox 2172 807 2198 839; x_wconf 86' lang='lat'>,</span> <span class='ocrx_word' id='word_1_25' title='bbox 2261 769 2394 830; x_wconf 83' lang='lat' dir='ltr'>sive</span> <span class='ocrx_word' id='word_1_26' title='bbox 2452 771 2636 829; x_wconf 72' lang='lat' dir='ltr'>aliie</span> 
     </span>
     <span class='ocr_line' id='line_1_4' title="bbox 600 868 2634 951; baseline 0 -20"><span class='ocrx_word' id='word_1_27' title='bbox 600 871 868 951; x_wconf 83' lang='lat' dir='ltr'>legatur,</span> <span class='ocrx_word' id='word_1_28' title='bbox 938 892 1134 931; x_wconf 81' lang='lat' dir='ltr'>nemo</span> <span class='ocrx_word' id='word_1_29' title='bbox 1194 870 1348 928; x_wconf 79' lang='lat' dir='ltr'>liaeo</span> <span class='ocrx_word' id='word_1_30' title='bbox 1408 868 1600 928; x_wconf 80' lang='lat' dir='ltr'>verba</span> <span class='ocrx_word' id='word_1_31' title='bbox 1663 868 1843 930; x_wconf 80' lang='lat' dir='ltr'>aliter</span> <span class='ocrx_word' id='word_1_32' title='bbox 1883 868 1965 928; x_wconf 89' lang='lat' dir='ltr'>sit</span> <span class='ocrx_word' id='word_1_33' title='bbox 2007 880 2378 950; x_wconf 76' lang='lat' dir='ltr'>accepturus.</span> <span class='ocrx_word' id='word_1_34' title='bbox 2466 872 2634 932; x_wconf 79' lang='lat' dir='ltr'>Nisi</span> 
     </span>
     <span class='ocr_line' id='line_1_5' title="bbox 601 968 2627 1058; baseline 0 -24"><span class='ocrx_word' id='word_1_35' title='bbox 601 976 814 1058; x_wconf 86' lang='lat' dir='ltr'>paullo</span> <span class='ocrx_word' id='word_1_36' title='bbox 856 974 1087 1053; x_wconf 87' lang='lat' dir='ltr'>major,</span> <span class='ocrx_word' id='word_1_37' title='bbox 1141 971 1195 1030; x_wconf 87' lang='lat' dir='ltr'>si</span> <span class='ocrx_word' id='word_1_38' title='bbox 1233 970 1381 1028; x_wconf 75' lang='lat' dir='ltr'>aliia</span> <span class='ocrx_word' id='word_1_39' title='bbox 1398 1011 1423 1041; x_wconf 89' lang='lat'>,</span> <span class='ocrx_word' id='word_1_40' title='bbox 1479 990 1663 1050; x_wconf 86' lang='lat' dir='ltr'>quam</span> <span class='ocrx_word' id='word_1_41' title='bbox 1704 972 1757 1030; x_wconf 91' lang='lat' dir='ltr'>si</span> <span class='ocrx_word' id='word_1_42' title='bbox 1797 968 1951 1030; x_wconf 77' lang='lat' dir='ltr'>huie</span> <span class='ocrx_word' id='word_1_43' title='bbox 1991 972 2245 1052; x_wconf 73' lang='lat' dir='ltr'>legitur,</span> <span class='ocrx_word' id='word_1_44' title='bbox 2301 971 2627 1035; x_wconf 78' lang='lat' dir='ltr'>orationis</span> 
     </span>
     <span class='ocr_line' id='line_1_6' title="bbox 605 1071 2621 1157; baseline -0 -20"><span class='ocrx_word' id='word_1_45' title='bbox 605 1088 698 1137; x_wconf 87' lang='lat' dir='ltr'>est</span> <span class='ocrx_word' id='word_1_46' title='bbox 760 1078 1033 1157; x_wconf 82' lang='lat' dir='ltr'>partium</span> <span class='ocrx_word' id='word_1_47' title='bbox 1109 1074 1568 1134; x_wconf 85' lang='lat' dir='ltr'>convenientia.</span> <span class='ocrx_word' id='word_1_48' title='bbox 1682 1071 1811 1134; x_wconf 80' lang='lat' dir='ltr'>Sed</span> <span class='ocrx_word' id='word_1_49' title='bbox 1875 1075 2054 1154; x_wconf 86' lang='lat' dir='ltr'>hujus</span> <span class='ocrx_word' id='word_1_50' title='bbox 2124 1077 2621 1137; x_wconf 76' lang='lat' dir='ltr'>convenientiae</span> 
     </span>
     <span class='ocr_line' id='line_1_7' title="bbox 602 1175 2612 1257; baseline 0 -19"><span class='ocrx_word' id='word_1_51' title='bbox 602 1180 909 1257; x_wconf 73' lang='lat' dir='ltr'>neglectio</span> <span class='ocrx_word' id='word_1_52' title='bbox 950 1188 1076 1238; x_wconf 88' lang='lat' dir='ltr'>tam</span> <span class='ocrx_word' id='word_1_53' title='bbox 1121 1186 1213 1236; x_wconf 86' lang='lat' dir='ltr'>est</span> <span class='ocrx_word' id='word_1_54' title='bbox 1251 1177 1505 1257; x_wconf 85' lang='lat' dir='ltr'>propria</span> <span class='ocrx_word' id='word_1_55' title='bbox 1546 1175 1874 1235; x_wconf 82' lang='lat' dir='ltr'>familiaris</span> <span class='ocrx_word' id='word_1_56' title='bbox 1915 1179 2251 1253; x_wconf 84' lang='lat' dir='ltr'>sermonis,</span> <span class='ocrx_word' id='word_1_57' title='bbox 2298 1187 2367 1236; x_wconf 90' lang='lat' dir='ltr'>ut</span> <span class='ocrx_word' id='word_1_58' title='bbox 2407 1188 2612 1238; x_wconf 85' lang='lat' dir='ltr'>natu-</span> 
     </span>
     <span class='ocr_line' id='line_1_8' title="bbox 602 1278 2615 1364; baseline 0 -24"><span class='ocrx_word' id='word_1_59' title='bbox 602 1301 736 1341; x_wconf 87' lang='lat' dir='ltr'>ram</span> <span class='ocrx_word' id='word_1_60' title='bbox 799 1284 930 1364; x_wconf 82' lang='lat' dir='ltr'>ejus</span> <span class='ocrx_word' id='word_1_61' title='bbox 994 1281 1320 1339; x_wconf 86' lang='lat' dir='ltr'>contineat.</span> <span class='ocrx_word' id='word_1_62' title='bbox 1438 1283 1651 1356; x_wconf 84' lang='lat' dir='ltr'>Itaque</span> <span class='ocrx_word' id='word_1_63' title='bbox 1713 1278 1818 1338; x_wconf 83' lang='lat' dir='ltr'>vel</span> <span class='ocrx_word' id='word_1_64' title='bbox 1872 1288 2127 1358; x_wconf 89' lang='lat' dir='ltr'>propter</span> <span class='ocrx_word' id='word_1_65' title='bbox 2185 1280 2347 1339; x_wconf 85' lang='lat' dir='ltr'>hanc</span> <span class='ocrx_word' id='word_1_66' title='bbox 2396 1280 2615 1359; x_wconf 83' lang='lat' dir='ltr'><strong>ipsam</strong></span> 
     </span>
     <span class='ocr_line' id='line_1_9' title="bbox 590 1377 2614 1463; baseline -0 -20"><span class='ocrx_word' id='word_1_67' title='bbox 590 1384 1044 1463; x_wconf 46' lang='lat' dir='ltr'>*negligentiam</span> <span class='ocrx_word' id='word_1_68' title='bbox 1090 1381 1364 1442; x_wconf 88' lang='lat' dir='ltr'>dubitari</span> <span class='ocrx_word' id='word_1_69' title='bbox 1403 1389 1640 1459; x_wconf 89' lang='lat' dir='ltr'>potest,</span> <span class='ocrx_word' id='word_1_70' title='bbox 1683 1401 1764 1439; x_wconf 89' lang='lat' dir='ltr'>an</span> <span class='ocrx_word' id='word_1_71' title='bbox 1797 1381 2271 1460; x_wconf 87' lang='lat' dir='ltr'>praeferendum</span> <span class='ocrx_word' id='word_1_72' title='bbox 2307 1383 2388 1441; x_wconf 90' lang='lat' dir='ltr'>sit</span> <span class='ocrx_word' id='word_1_73' title='bbox 2428 1377 2614 1449; x_wconf 68' lang='grc' dir='ltr'><strong><em>Ιιιὶίσ.</em></strong></span> 
     </span>
    </p>

    <p class='ocr_par' dir='ltr' id='par_1_2' title="bbox 484 1482 2709 4130">
     <span class='ocr_line' id='line_1_10' title="bbox 484 1482 2615 1565; baseline 0.002 -24"><span class='ocrx_word' id='word_1_74' title='bbox 484 1500 567 1544; x_wconf 84' lang='lat'>21</span> <span class='ocrx_word' id='word_1_75' title='bbox 607 1485 715 1545; x_wconf 88' lang='lat' dir='ltr'>Est</span> <span class='ocrx_word' id='word_1_76' title='bbox 757 1487 904 1546; x_wconf 83' lang='lat' dir='ltr'>v&#39;ero</span> <span class='ocrx_word' id='word_1_77' title='bbox 947 1483 1116 1545; x_wconf 79' lang='lat' dir='ltr'>aliud</span> <span class='ocrx_word' id='word_1_78' title='bbox 1163 1484 1330 1563; x_wconf 88' lang='lat' dir='ltr'>quod</span> <span class='ocrx_word' id='word_1_79' title='bbox 1372 1483 1611 1542; x_wconf 88' lang='lat' dir='ltr'>mireris</span> <span class='ocrx_word' id='word_1_80' title='bbox 1654 1502 1693 1539; x_wconf 83' lang='lat' dir='ltr'>a</span> <span class='ocrx_word' id='word_1_81' title='bbox 1733 1482 2050 1559; x_wconf 87' lang='lat' dir='ltr'>Bentlei0,</span> <span class='ocrx_word' id='word_1_82' title='bbox 2110 1486 2216 1563; x_wconf 89' lang='lat' dir='ltr'>qui</span> <span class='ocrx_word' id='word_1_83' title='bbox 2261 1485 2615 1565; x_wconf 79' lang='lat' dir='ltr'>diligentis-</span> 
     </span>
     <span class='ocr_line' id='line_1_11' title="bbox 592 1581 2609 1659; baseline -0.003 -12"><span class='ocrx_word' id='word_1_84' title='bbox 592 1581 757 1647; x_wconf 78' lang='lat' dir='ltr'>’sime</span> <span class='ocrx_word' id='word_1_85' title='bbox 816 1588 976 1647; x_wconf 87' lang='lat' dir='ltr'>solet</span> <span class='ocrx_word' id='word_1_86' title='bbox 1028 1588 1106 1647; x_wconf 86' lang='lat' dir='ltr'>ad</span> <span class='ocrx_word' id='word_1_87' title='bbox 1165 1606 1459 1646; x_wconf 87' lang='lat' dir='ltr'>numeros</span> <span class='ocrx_word' id='word_1_88' title='bbox 1512 1584 1859 1659; x_wconf 87' lang='lat' dir='ltr'>attendere,</span> <span class='ocrx_word' id='word_1_89' title='bbox 1930 1606 2062 1645; x_wconf 89' lang='lat' dir='ltr'>non</span> <span class='ocrx_word' id='word_1_90' title='bbox 2115 1606 2246 1646; x_wconf 81' lang='lat' dir='ltr'>esse</span> <span class='ocrx_word' id='word_1_91' title='bbox 2312 1588 2609 1648; x_wconf 79' lang='lat' dir='ltr'>animad-</span> 
     </span>
     <span class='ocr_line' id='line_1_12' title="bbox 600 1688 2609 1768; baseline -0 -18"><span class='ocrx_word' id='word_1_92' title='bbox 600 1710 867 1750; x_wconf 84' lang='lat' dir='ltr'>versum.</span> <span class='ocrx_word' id='word_1_93' title='bbox 997 1689 1158 1749; x_wconf 83' lang='lat' dir='ltr'>Nam</span> <span class='ocrx_word' id='word_1_94' title='bbox 1221 1689 1292 1747; x_wconf 90' lang='lat' dir='ltr'>in</span> <span class='ocrx_word' id='word_1_95' title='bbox 1344 1688 1592 1767; x_wconf 84' lang='lat' dir='ltr'>vulgata·</span> <span class='ocrx_word' id='word_1_96' title='bbox 1654 1688 1954 1766; x_wconf 87' lang='lat' dir='ltr'>scriptura</span> <span class='ocrx_word' id='word_1_97' title='bbox 2009 1697 2175 1748; x_wconf 86' lang='lat' dir='ltr'>recte</span> <span class='ocrx_word' id='word_1_98' title='bbox 2230 1690 2481 1768; x_wconf 88' lang='lat' dir='ltr'>quidem</span> <span class='ocrx_word' id='word_1_99' title='bbox 2511 1702 2609 1750; x_wconf 67' lang='lat' dir='ltr'>‘et</span> 
     </span>
     <span class='ocr_line' id='line_1_13' title="bbox 605 1790 2604 1865; baseline 0.001 -15"><span class='ocrx_word' id='word_1_100' title='bbox 605 1791 802 1850; x_wconf 79' lang='lat' dir='ltr'>isdem</span> <span class='ocrx_word' id='word_1_101' title='bbox 845 1801 907 1850; x_wconf 89' lang='lat' dir='ltr'>et</span> <span class='ocrx_word' id='word_1_102' title='bbox 949 1792 1098 1849; x_wconf 76' lang='lat' dir='ltr'>aliis</span> <span class='ocrx_word' id='word_1_103' title='bbox 1138 1792 1208 1848; x_wconf 89' lang='lat' dir='ltr'>in</span> <span class='ocrx_word' id='word_1_104' title='bbox 1252 1790 1381 1847; x_wconf 91' lang='lat' dir='ltr'>ictu</span> <span class='ocrx_word' id='word_1_105' title='bbox 1430 1798 1553 1865; x_wconf 88' lang='lat' dir='ltr'>est,</span> <span class='ocrx_word' id='word_1_106' title='bbox 1616 1792 1713 1847; x_wconf 69' lang='lat' dir='ltr'>uto·</span> <span class='ocrx_word' id='word_1_107' title='bbox 1748 1799 1952 1848; x_wconf 87' lang='lat' dir='ltr'>autem</span> <span class='ocrx_word' id='word_1_108' title='bbox 1995 1799 2169 1850; x_wconf 82' lang='lat' dir='ltr'>extra</span> <span class='ocrx_word' id='word_1_109' title='bbox 2211 1791 2432 1850; x_wconf 85' lang='lat' dir='ltr'>ictum:</span> <span class='ocrx_word' id='word_1_110' title='bbox 2497 1793 2604 1852; x_wconf 84' lang='lat' dir='ltr'>sed</span> 
     </span>
     <span class='ocr_line' id='line_1_14' title="bbox 606 1889 2608 1972; baseline 0.002 -22"><span class='ocrx_word' id='word_1_111' title='bbox 606 1894 743 1972; x_wconf 85' lang='lat' dir='ltr'>quis</span> <span class='ocrx_word' id='word_1_112' title='bbox 782 1901 1007 1950; x_wconf 60' lang='lat' dir='ltr'>‘tamen&#39;</span> <span class='ocrx_word' id='word_1_113' title='bbox 1042 1913 1174 1950; x_wconf 88' lang='lat' dir='ltr'>non</span> <span class='ocrx_word' id='word_1_114' title='bbox 1234 1892 1494 1965; x_wconf 87' lang='lat' dir='ltr'>sentiat,</span> <span class='ocrx_word' id='word_1_115' title='bbox 1570 1891 1752 1950; x_wconf 84' lang='lat' dir='ltr'>valde</span> <span class='ocrx_word' id='word_1_116' title='bbox 1791 1889 2173 1971; x_wconf 82' lang='lat' dir='ltr'>ineleganter</span> <span class='ocrx_word' id='word_1_117' title='bbox 2210 1892 2336 1953; x_wconf 79' lang='lat' dir='ltr'>hoc</span> <span class='ocrx_word' id='word_1_118' title='bbox 2378 1897 2479 1952; x_wconf 80' lang='lat' dir='ltr'>uti</span> <span class='ocrx_word' id='word_1_119' title='bbox 2515 1896 2608 1954; x_wconf 84' lang='lat' dir='ltr'>ita</span> 
     </span>
     <span class='ocr_line' id='line_1_15' title="bbox 606 1994 2603 2074; baseline 0.001 -20"><span class='ocrx_word' id='word_1_120' title='bbox 606 2015 739 2054; x_wconf 87' lang='lat' dir='ltr'>esse</span> <span class='ocrx_word' id='word_1_121' title='bbox 793 1994 1200 2068; x_wconf 88' lang='lat' dir='ltr'>collocatum,</span> <span class='ocrx_word' id='word_1_122' title='bbox 1271 2003 1387 2068; x_wconf 67' lang='lat' dir='ltr'>ut,</span> <span class='ocrx_word' id='word_1_123' title='bbox 1453 2012 1640 2072; x_wconf 67' lang='lat' dir='ltr'>quum</span> <span class='ocrx_word' id='word_1_124' title='bbox 1693 1996 1963 2054; x_wconf 86' lang='lat' dir='ltr'>secunda</span> <span class='ocrx_word' id='word_1_125' title='bbox 2017 1994 2256 2072; x_wconf 75' lang='lat' dir='ltr'>syllaba</span> <span class='ocrx_word' id='word_1_126' title='bbox 2318 1997 2603 2074; x_wconf 75' lang='lat' dir='ltr'>elidatur,</span> 
     </span>
     <span class='ocr_line' id='line_1_16' title="bbox 605 2096 2605 2180; baseline 0 -23"><span class='ocrx_word' id='word_1_127' title='bbox 605 2098 811 2180; x_wconf 81' lang='lat' dir='ltr'>prima</span> <span class='ocrx_word' id='word_1_128' title='bbox 858 2106 1059 2157; x_wconf 86' lang='lat' dir='ltr'>autem</span> <span class='ocrx_word' id='word_1_129' title='bbox 1106 2116 1246 2156; x_wconf 91' lang='lat' dir='ltr'>eum</span> <span class='ocrx_word' id='word_1_130' title='bbox 1287 2104 1494 2155; x_wconf 88' lang='lat' dir='ltr'>teneat</span> <span class='ocrx_word' id='word_1_131' title='bbox 1543 2096 1751 2154; x_wconf 90' lang='lat' dir='ltr'>locum</span> <span class='ocrx_word' id='word_1_132' title='bbox 1771 2140 1790 2172; x_wconf 96' lang='lat'>,</span> <span class='ocrx_word' id='word_1_133' title='bbox 1861 2098 1932 2155; x_wconf 84' lang='lat' dir='ltr'>in</span> <span class='ocrx_word' id='word_1_134' title='bbox 1986 2115 2106 2173; x_wconf 86' lang='lat' dir='ltr'>quo</span> <span class='ocrx_word' id='word_1_135' title='bbox 2155 2098 2402 2157; x_wconf 87' lang='lat' dir='ltr'>brevius</span> <span class='ocrx_word' id='word_1_136' title='bbox 2453 2120 2605 2180; x_wconf 89' lang='lat' dir='ltr'>pro-</span> 
     </span>
     <span class='ocr_line' id='line_1_17' title="bbox 606 2197 2604 2278; baseline 0 -18"><span class='ocrx_word' id='word_1_137' title='bbox 606 2202 891 2261; x_wconf 86' lang='lat' dir='ltr'>nunciari</span> <span class='ocrx_word' id='word_1_138' title='bbox 937 2201 1157 2262; x_wconf 84' lang='lat' dir='ltr'>debeat</span> <span class='ocrx_word' id='word_1_139' title='bbox 1179 2242 1197 2274; x_wconf 91' lang='lat'>,</span> <span class='ocrx_word' id='word_1_140' title='bbox 1270 2207 1471 2257; x_wconf 85' lang='lat' dir='ltr'>totum</span> <span class='ocrx_word' id='word_1_141' title='bbox 1526 2198 1785 2257; x_wconf 85' lang='lat' dir='ltr'>verbum</span> <span class='ocrx_word' id='word_1_142' title='bbox 1844 2219 2039 2278; x_wconf 85' lang='lat' dir='ltr'>prope</span> <span class='ocrx_word' id='word_1_143' title='bbox 2092 2197 2341 2278; x_wconf 86' lang='lat' dir='ltr'>effugiat</span> <span class='ocrx_word' id='word_1_144' title='bbox 2390 2211 2454 2261; x_wconf 88' lang='lat' dir='ltr'>et</span> <span class='ocrx_word' id='word_1_145' title='bbox 2490 2203 2604 2263; x_wconf 81' lang='lat' dir='ltr'>vix</span> 
     </span>
     <span class='ocr_line' id='line_1_18' title="bbox 606 2300 2602 2383; baseline 0 -20"><span class='ocrx_word' id='word_1_146' title='bbox 606 2304 868 2383; x_wconf 75' lang='lat' dir='ltr'>aliquod</span> <span class='ocrx_word' id='word_1_147' title='bbox 906 2304 1002 2361; x_wconf 91' lang='lat' dir='ltr'>sui</span> <span class='ocrx_word' id='word_1_148' title='bbox 1044 2302 1354 2379; x_wconf 86' lang='lat' dir='ltr'>relinquat</span> <span class='ocrx_word' id='word_1_149' title='bbox 1392 2300 1761 2380; x_wconf 81' lang='lat' dir='ltr'>vestigium?</span> <span class='ocrx_word' id='word_1_150' title='bbox 1848 2300 2108 2376; x_wconf 84' lang='lat' dir='ltr'>Contra,</span> <span class='ocrx_word' id='word_1_151' title='bbox 2145 2302 2343 2379; x_wconf 83' lang='lat' dir='ltr'>·quod</span> <span class='ocrx_word' id='word_1_152' title='bbox 2397 2304 2469 2362; x_wconf 88' lang='lat' dir='ltr'>in</span> <span class='ocrx_word' id='word_1_153' title='bbox 2518 2305 2602 2363; x_wconf 87' lang='lat' dir='ltr'>li-</span> 
     </span>
     <span class='ocr_line' id='line_1_19' title="bbox 606 2404 2709 2486; baseline -0 -18"><span class='ocrx_word' id='word_1_154' title='bbox 606 2410 719 2468; x_wconf 82' lang='lat' dir='ltr'>bro</span> <span class='ocrx_word' id='word_1_155' title='bbox 774 2406 1074 2469; x_wconf 85' lang='lat' dir='ltr'>Bembino</span> <span class='ocrx_word' id='word_1_156' title='bbox 1132 2414 1254 2480; x_wconf 90' lang='lat' dir='ltr'>est,</span> <span class='ocrx_word' id='word_1_157' title='bbox 1336 2404 1545 2483; x_wconf 11' lang='lat' dir='ltr'>plane*</span> <span class='ocrx_word' id='word_1_158' title='bbox 1584 2405 1867 2463; x_wconf 82' lang='lat' dir='ltr'>exaudiri</span> <span class='ocrx_word' id='word_1_159' title='bbox 1934 2405 2084 2463; x_wconf 86' lang='lat' dir='ltr'>sinit</span> <span class='ocrx_word' id='word_1_160' title='bbox 2151 2406 2414 2467; x_wconf 86' lang='lat' dir='ltr'>verbum</span> <span class='ocrx_word' id='word_1_161' title='bbox 2486 2413 2642 2481; x_wconf 65' lang='lat' dir='ltr'>uti,-</span> <span class='ocrx_word' id='word_1_162' title='bbox 2703 2483 2709 2486; x_wconf 13' lang='grc' dir='ltr'><strong><em>Δ</em></strong></span> 
     </span>
     <span class='ocr_line' id='line_1_20' title="bbox 609 2494 2673 2591; baseline 0.001 -22"><span class='ocrx_word' id='word_1_163' title='bbox 609 2502 773 2590; x_wconf 82' lang='lat' dir='ltr'>quod</span> <span class='ocrx_word' id='word_1_164' title='bbox 831 2527 1000 2568; x_wconf 91' lang='lat' dir='ltr'>nunc</span> <span class='ocrx_word' id='word_1_165' title='bbox 1021 2554 1039 2585; x_wconf 93' lang='lat'>,</span> <span class='ocrx_word' id='word_1_166' title='bbox 1105 2494 1221 2566; x_wconf 83' lang='lat' dir='ltr'>ubi</span> <span class='ocrx_word' id='word_1_167' title='bbox 1267 2505 1385 2564; x_wconf 68' lang='lat' dir='ltr'>aliz·</span> <span class='ocrx_word' id='word_1_168' title='bbox 1436 2506 1643 2582; x_wconf 86' lang='lat' dir='ltr'>abest,</span> <span class='ocrx_word' id='word_1_169' title='bbox 1698 2515 1867 2566; x_wconf 87' lang='lat' dir='ltr'>recte</span> <span class='ocrx_word' id='word_1_170' title='bbox 1920 2508 2032 2565; x_wconf 83' lang='lat' dir='ltr'>sub</span> <span class='ocrx_word' id='word_1_171' title='bbox 2085 2506 2281 2567; x_wconf 88' lang='lat' dir='ltr'>ictum</span> <span class='ocrx_word' id='word_1_172' title='bbox 2333 2512 2602 2590; x_wconf 86' lang='lat' dir='ltr'>positum</span> <span class='ocrx_word' id='word_1_173' title='bbox 2657 2586 2673 2591; x_wconf 25' lang='grc' dir='ltr'><em>ς</em></span> 
     </span>
     <span class='ocr_line' id='line_1_21' title="bbox 610 2608 2604 2690; baseline 0.002 -20"><span class='ocrx_word' id='word_1_174' title='bbox 610 2622 734 2687; x_wconf 88' lang='lat' dir='ltr'>est,</span> <span class='ocrx_word' id='word_1_175' title='bbox 803 2613 1172 2690; x_wconf 86' lang='lat' dir='ltr'>pronomine</span> <span class='ocrx_word' id='word_1_176' title='bbox 1231 2608 1415 2679; x_wconf 65' lang='lat' dir='ltr'>huie,</span> <span class='ocrx_word' id='word_1_177' title='bbox 1484 2610 1577 2667; x_wconf 89' lang='lat' dir='ltr'>uti</span> <span class='ocrx_word' id='word_1_178' title='bbox 1614 2608 1828 2682; x_wconf 87' lang='lat' dir='ltr'>debet,</span> <span class='ocrx_word' id='word_1_179' title='bbox 1901 2608 2320 2670; x_wconf 72' lang='lat' dir='ltr'>delitescente.</span> <span class='ocrx_word' id='word_1_180' title='bbox 2424 2612 2604 2684; x_wconf 83' lang='lat' dir='ltr'>Quod</span> 
     </span>
     <span class='ocr_line' id='line_1_22' title="bbox 608 2710 2600 2793; baseline 0.001 -20"><span class='ocrx_word' id='word_1_181' title='bbox 608 2715 660 2773; x_wconf 87' lang='lat' dir='ltr'>si</span> <span class='ocrx_word' id='word_1_182' title='bbox 701 2714 885 2793; x_wconf 86' lang='lat' dir='ltr'>hujus</span> <span class='ocrx_word' id='word_1_183' title='bbox 927 2714 1072 2771; x_wconf 86' lang='lat' dir='ltr'>libri</span> <span class='ocrx_word' id='word_1_184' title='bbox 1117 2710 1419 2791; x_wconf 84' lang='lat' dir='ltr'>scriptura</span> <span class='ocrx_word' id='word_1_185' title='bbox 1466 2712 1543 2770; x_wconf 88' lang='lat' dir='ltr'>ad</span> <span class='ocrx_word' id='word_1_186' title='bbox 1599 2710 1922 2770; x_wconf 86' lang='lat' dir='ltr'>familiaris</span> <span class='ocrx_word' id='word_1_187' title='bbox 1974 2713 2275 2770; x_wconf 84' lang='lat' dir='ltr'>sermonis</span> <span class='ocrx_word' id='word_1_188' title='bbox 2337 2735 2600 2775; x_wconf 86' lang='lat' dir='ltr'>consue-</span> 
     </span>
     <span class='ocr_line' id='line_1_23' title="bbox 603 2802 2601 2901; baseline 0.001 -26"><span class='ocrx_word' id='word_1_189' title='bbox 603 2817 884 2876; x_wconf 80' lang='lat' dir='ltr'>tudinem</span> <span class='ocrx_word' id='word_1_190' title='bbox 940 2813 1124 2874; x_wconf 85' lang='lat' dir='ltr'>valde</span> <span class='ocrx_word' id='word_1_191' title='bbox 1176 2823 1269 2901; x_wconf 82' lang='lat' dir='ltr'>est</span> <span class='ocrx_word' id='word_1_192' title='bbox 1323 2802 1817 2889; x_wconf 82' lang='lat' dir='ltr'>accommodata,</span> <span class='ocrx_word' id='word_1_193' title='bbox 1914 2814 1990 2872; x_wconf 87' lang='lat' dir='ltr'>ad</span> <span class='ocrx_word' id='word_1_194' title='bbox 2048 2833 2340 2874; x_wconf 87' lang='lat' dir='ltr'>numeros</span> <span class='ocrx_word' id='word_1_195' title='bbox 2398 2827 2601 2876; x_wconf 87' lang='lat' dir='ltr'>autem</span> 
     </span>
     <span class='ocr_line' id='line_1_24' title="bbox 609 2917 2690 2997; baseline 0 -19"><span class='ocrx_word' id='word_1_196' title='bbox 609 2921 797 2979; x_wconf 87' lang='lat' dir='ltr'>etiam</span> <span class='ocrx_word' id='word_1_197' title='bbox 842 2919 1195 2997; x_wconf 82' lang='lat' dir='ltr'>aliquanto,</span> <span class='ocrx_word' id='word_1_198' title='bbox 1236 2937 1418 2996; x_wconf 85' lang='lat' dir='ltr'>quam</span> <span class='ocrx_word' id='word_1_199' title='bbox 1458 2917 1732 2996; x_wconf 85' lang='lat' dir='ltr'>vulgata,</span> <span class='ocrx_word' id='word_1_200' title='bbox 1778 2917 2142 2997; x_wconf 82' lang='lat' dir='ltr'>elegantior:</span> <span class='ocrx_word' id='word_1_201' title='bbox 2206 2928 2377 2977; x_wconf 89' lang='lat' dir='ltr'>recte</span> <span class='ocrx_word' id='word_1_202' title='bbox 2418 2918 2601 2978; x_wconf 86' lang='lat' dir='ltr'>dubi·</span> <span class='ocrx_word' id='word_1_203' title='bbox 2687 2980 2690 2989; x_wconf 71' lang='grc'><strong>,</strong></span> 
     </span>
     <span class='ocr_line' id='line_1_25' title="bbox 604 3019 2600 3101; baseline 0 -19"><span class='ocrx_word' id='word_1_204' title='bbox 604 3025 727 3082; x_wconf 82' lang='lat' dir='ltr'>tari</span> <span class='ocrx_word' id='word_1_205' title='bbox 763 3021 1021 3101; x_wconf 88' lang='lat' dir='ltr'>poterit,</span> <span class='ocrx_word' id='word_1_206' title='bbox 1099 3040 1179 3078; x_wconf 87' lang='lat' dir='ltr'>an</span> <span class='ocrx_word' id='word_1_207' title='bbox 1221 3021 1301 3078; x_wconf 84' lang='lat' dir='ltr'>sit</span> <span class='ocrx_word' id='word_1_208' title='bbox 1343 3020 1761 3100; x_wconf 80' lang='lat' dir='ltr'>praeferenda.</span> <span class='ocrx_word' id='word_1_209' title='bbox 1801 3028 1809 3045; x_wconf 68' lang='lat'>⁸</span> <span class='ocrx_word' id='word_1_210' title='bbox 1864 3019 2182 3100; x_wconf 82' lang='lat' dir='ltr'>Quumque</span> <span class='ocrx_word' id='word_1_211' title='bbox 2222 3019 2376 3079; x_wconf 86' lang='lat' dir='ltr'>haec</span> <span class='ocrx_word' id='word_1_212' title='bbox 2415 3021 2600 3082; x_wconf 87' lang='lat' dir='ltr'>dubi-</span> 
     </span>
     <span class='ocr_line' id='line_1_26' title="bbox 605 3123 2598 3201; baseline 0.001 -18"><span class='ocrx_word' id='word_1_213' title='bbox 605 3126 758 3185; x_wconf 84' lang='lat' dir='ltr'>tatio</span> <span class='ocrx_word' id='word_1_214' title='bbox 819 3143 892 3183; x_wconf 89' lang='lat' dir='ltr'>eo</span> <span class='ocrx_word' id='word_1_215' title='bbox 953 3123 1201 3199; x_wconf 90' lang='lat' dir='ltr'>redeat,</span> <span class='ocrx_word' id='word_1_216' title='bbox 1267 3132 1337 3181; x_wconf 89' lang='lat' dir='ltr'>ut</span> <span class='ocrx_word' id='word_1_217' title='bbox 1398 3133 1753 3201; x_wconf 85' lang='lat' dir='ltr'>quaeratur,</span> <span class='ocrx_word' id='word_1_218' title='bbox 1836 3130 1974 3182; x_wconf 87' lang='lat' dir='ltr'>utra</span> <span class='ocrx_word' id='word_1_219' title='bbox 2013 3124 2200 3182; x_wconf 90' lang='lat' dir='ltr'>lectio</span> <span class='ocrx_word' id='word_1_220' title='bbox 2243 3123 2483 3183; x_wconf 81' lang='lat' dir='ltr'>facilius</span> <span class='ocrx_word' id='word_1_221' title='bbox 2526 3127 2598 3185; x_wconf 84' lang='lat' dir='ltr'>ab</span> 
     </span>
     <span class='ocr_line' id='line_1_27' title="bbox 606 3224 2601 3308; baseline 0.001 -22"><span class='ocrx_word' id='word_1_222' title='bbox 606 3227 1046 3307; x_wconf 85' lang='lat' dir='ltr'>interpretibus</span> <span class='ocrx_word' id='word_1_223' title='bbox 1107 3245 1179 3284; x_wconf 88' lang='lat' dir='ltr'>ac</span> <span class='ocrx_word' id='word_1_224' title='bbox 1237 3224 1511 3285; x_wconf 82' lang='lat' dir='ltr'>librariis</span> <span class='ocrx_word' id='word_1_225' title='bbox 1569 3224 1875 3304; x_wconf 87' lang='lat' dir='ltr'>proficisci</span> <span class='ocrx_word' id='word_1_226' title='bbox 1927 3227 2232 3308; x_wconf 71' lang='lat' dir='ltr'>potuerit,</span> <span class='ocrx_word' id='word_1_227' title='bbox 2302 3247 2434 3286; x_wconf 90' lang='lat' dir='ltr'>non</span> <span class='ocrx_word' id='word_1_228' title='bbox 2487 3229 2601 3287; x_wconf 85' lang='lat' dir='ltr'>ob-</span> 
     </span>
     <span class='ocr_line' id='line_1_28' title="bbox 607 3314 2597 3408; baseline 0.002 -22"><span class='ocrx_word' id='word_1_229' title='bbox 607 3348 850 3388; x_wconf 87' lang='lat' dir='ltr'>scurum</span> <span class='ocrx_word' id='word_1_230' title='bbox 896 3351 1026 3390; x_wconf 85' lang='lat' dir='ltr'>esse</span> <span class='ocrx_word' id='word_1_231' title='bbox 1067 3314 1364 3404; x_wconf 82' lang='lat' dir='ltr'>arbitror,</span> <span class='ocrx_word' id='word_1_232' title='bbox 1409 3330 1463 3387; x_wconf 82' lang='lat' dir='ltr'>si</span> <span class='ocrx_word' id='word_1_233' title='bbox 1508 3327 1651 3386; x_wconf 70' lang='lat' dir='ltr'>aliis</span> <span class='ocrx_word' id='word_1_234' title='bbox 1692 3329 1990 3408; x_wconf 83' lang='lat' dir='ltr'>scriptum</span> <span class='ocrx_word' id='word_1_235' title='bbox 2029 3329 2244 3388; x_wconf 83' lang='lat' dir='ltr'>fuisset</span> <span class='ocrx_word' id='word_1_236' title='bbox 2284 3351 2319 3387; x_wconf 87' lang='lat' dir='ltr'>a</span> <span class='ocrx_word' id='word_1_237' title='bbox 2358 3328 2597 3390; x_wconf 88' lang='lat' dir='ltr'>Teren-</span> 
     </span>
     <span class='ocr_line' id='line_1_29' title="bbox 605 3431 2595 3512; baseline 0.003 -24"><span class='ocrx_word' id='word_1_238' title='bbox 605 3432 763 3506; x_wconf 61' lang='lat'><strong>505·-</strong></span> <span class='ocrx_word' id='word_1_239' title='bbox 805 3452 935 3490; x_wconf 90' lang='lat' dir='ltr'>non</span> <span class='ocrx_word' id='word_1_240' title='bbox 984 3453 1164 3512; x_wconf 84' lang='lat' dir='ltr'>posse</span> <span class='ocrx_word' id='word_1_241' title='bbox 1215 3431 1507 3491; x_wconf 82' lang='lat' dir='ltr'>idoneam</span> <span class='ocrx_word' id='word_1_242' title='bbox 1558 3452 1802 3491; x_wconf 84' lang='lat' dir='ltr'>causam</span> <span class='ocrx_word' id='word_1_243' title='bbox 1844 3431 2148 3505; x_wconf 82' lang='lat' dir='ltr'>inveniri,</span> <span class='ocrx_word' id='word_1_244' title='bbox 2214 3436 2595 3512; x_wconf 22' lang='lat' dir='ltr'>quarerquis,</span> 
     </span>
     <span class='ocr_line' id='line_1_30' title="bbox 608 3531 2593 3613; baseline 0.002 -22"><span class='ocrx_word' id='word_1_245' title='bbox 608 3531 774 3613; x_wconf 91' lang='lat' dir='ltr'>quod</span> <span class='ocrx_word' id='word_1_246' title='bbox 825 3545 1043 3610; x_wconf 86' lang='lat' dir='ltr'>sponte</span> <span class='ocrx_word' id='word_1_247' title='bbox 1097 3534 1594 3613; x_wconf 84' lang='lat' dir='ltr'>intelligebatur,</span> <span class='ocrx_word' id='word_1_248' title='bbox 1667 3535 1851 3593; x_wconf 88' lang='lat' dir='ltr'>etiam</span> <span class='ocrx_word' id='word_1_249' title='bbox 1908 3533 2270 3595; x_wconf 87' lang='lat' dir='ltr'>Terentium</span> <span class='ocrx_word' id='word_1_250' title='bbox 2310 3535 2407 3595; x_wconf 82' lang='lat' dir='ltr'>his</span> <span class='ocrx_word' id='word_1_251' title='bbox 2451 3536 2593 3594; x_wconf 85' lang='lat' dir='ltr'>aliis</span> 
     </span>
     <span class='ocr_line' id='line_1_31' title="bbox 607 3633 2591 3718; baseline 0.001 -24"><span class='ocrx_word' id='word_1_252' title='bbox 607 3633 1051 3714; x_wconf 84' lang='lat' dir='ltr'>comprehendi</span> <span class='ocrx_word' id='word_1_253' title='bbox 1107 3636 1511 3696; x_wconf 86' lang='lat' dir='ltr'>adnotaverit.</span> <span class='ocrx_word' id='word_1_254' title='bbox 1629 3636 1712 3695; x_wconf 78' lang='lat' dir='ltr'>At</span> <span class='ocrx_word' id='word_1_255' title='bbox 1773 3638 1826 3695; x_wconf 89' lang='lat' dir='ltr'>si</span> <span class='ocrx_word' id='word_1_256' title='bbox 1861 3636 1989 3701; x_wconf 69' lang='lat' dir='ltr'>&#39;ille</span> <span class='ocrx_word' id='word_1_257' title='bbox 2045 3635 2196 3695; x_wconf 73' lang='lat' dir='ltr'>kuic</span> <span class='ocrx_word' id='word_1_258' title='bbox 2249 3636 2591 3718; x_wconf 71' lang='lat' dir='ltr'>scripserat,</span> 
     </span>
     <span class='ocr_line' id='line_1_32' title="bbox 609 3737 2590 3816; baseline 0.001 -17"><span class='ocrx_word' id='word_1_259' title='bbox 609 3749 672 3799; x_wconf 82' lang='lat' dir='ltr'>et</span> <span class='ocrx_word' id='word_1_260' title='bbox 707 3748 916 3798; x_wconf 86' lang='lat' dir='ltr'>tamen</span> <span class='ocrx_word' id='word_1_261' title='bbox 952 3739 1024 3796; x_wconf 90' lang='lat' dir='ltr'>in</span> <span class='ocrx_word' id='word_1_262' title='bbox 1067 3737 1459 3816; x_wconf 81' lang='lat' dir='ltr'>sequentibus</span> <span class='ocrx_word' id='word_1_263' title='bbox 1503 3756 1633 3795; x_wconf 89' lang='lat' dir='ltr'>non</span> <span class='ocrx_word' id='word_1_264' title='bbox 1678 3737 1755 3797; x_wconf 93' lang='lat' dir='ltr'>de</span> <span class='ocrx_word' id='word_1_265' title='bbox 1794 3739 1913 3799; x_wconf 86' lang='lat' dir='ltr'>hoc</span> <span class='ocrx_word' id='word_1_266' title='bbox 1961 3740 2124 3816; x_wconf 88' lang='lat' dir='ltr'>solo,</span> <span class='ocrx_word' id='word_1_267' title='bbox 2187 3741 2298 3800; x_wconf 89' lang='lat' dir='ltr'>sed</span> <span class='ocrx_word' id='word_1_268' title='bbox 2335 3742 2415 3801; x_wconf 89' lang='lat' dir='ltr'>de</span> <span class='ocrx_word' id='word_1_269' title='bbox 2453 3742 2590 3801; x_wconf 86' lang='lat' dir='ltr'>aliis</span> 
     </span>
     <span class='ocr_line' id='line_1_33' title="bbox 609 3829 2595 3923; baseline 0.001 -23"><span class='ocrx_word' id='word_1_270' title='bbox 609 3829 851 3922; x_wconf 87' lang='lat' dir='ltr'>quoque</span> <span class='ocrx_word' id='word_1_271' title='bbox 893 3841 1088 3922; x_wconf 87' lang='lat' dir='ltr'>poetis</span> <span class='ocrx_word' id='word_1_272' title='bbox 1132 3841 1415 3901; x_wconf 85' lang='lat' dir='ltr'>omnibus</span> <span class='ocrx_word' id='word_1_273' title='bbox 1458 3841 1857 3919; x_wconf 87' lang='lat' dir='ltr'>loquebatur,</span> <span class='ocrx_word' id='word_1_274' title='bbox 1927 3854 2097 3902; x_wconf 89' lang='lat' dir='ltr'>recte</span> <span class='ocrx_word' id='word_1_275' title='bbox 2140 3844 2343 3923; x_wconf 88' lang='lat' dir='ltr'>potuit</span> <span class='ocrx_word' id='word_1_276' title='bbox 2381 3845 2595 3904; x_wconf 86' lang='lat' dir='ltr'>obser-</span> 
     </span>
     <span class='ocr_line' id='line_1_34' title="bbox 607 3943 2594 4026; baseline 0.001 -23"><span class='ocrx_word' id='word_1_277' title='bbox 607 3945 779 4021; x_wconf 84' lang='lat' dir='ltr'>vari,</span> <span class='ocrx_word' id='word_1_278' title='bbox 827 3967 1015 4024; x_wconf 87' lang='lat' dir='ltr'>quum</span> <span class='ocrx_word' id='word_1_279' title='bbox 1054 3943 1206 4005; x_wconf 78' lang='lat' dir='ltr'>lzm&#39;o</span> <span class='ocrx_word' id='word_1_280' title='bbox 1245 3945 1517 4020; x_wconf 84' lang='lat' dir='ltr'>diceret,</span> <span class='ocrx_word' id='word_1_281' title='bbox 1560 3945 1817 4005; x_wconf 82' lang='lat' dir='ltr'>omnino</span> <span class='ocrx_word' id='word_1_282' title='bbox 1866 3967 2024 4006; x_wconf 61' lang='lat' dir='ltr'>eum2</span> <span class='ocrx_word' id='word_1_283' title='bbox 2050 3946 2398 4026; x_wconf 85' lang='lat' dir='ltr'>intelligere</span> <span class='ocrx_word' id='word_1_284' title='bbox 2437 3966 2594 4025; x_wconf 89' lang='lat' dir='ltr'>poe-.</span> 
     </span>
     <span class='ocr_line' id='line_1_35' title="bbox 607 4047 2424 4130; baseline 0.002 -26"><span class='ocrx_word' id='word_1_285' title='bbox 607 4054 699 4105; x_wconf 81' lang='lat' dir='ltr'>tas</span> <span class='ocrx_word' id='word_1_286' title='bbox 741 4049 924 4127; x_wconf 84' lang='lat' dir='ltr'>alios,</span> <span class='ocrx_word' id='word_1_287' title='bbox 988 4052 1170 4129; x_wconf 75' lang='lat' dir='ltr'>quam</span> <span class='ocrx_word' id='word_1_288' title='bbox 1211 4048 1314 4130; x_wconf 65' lang='grc' dir='ltr'>φὶ</span> <span class='ocrx_word' id='word_1_289' title='bbox 1357 4047 1482 4128; x_wconf 81' lang='lat' dir='ltr'>jam</span> <span class='ocrx_word' id='word_1_290' title='bbox 1522 4050 1801 4126; x_wconf 82' lang='lat' dir='ltr'>personis</span> <span class='ocrx_word' id='word_1_291' title='bbox 1838 4049 1967 4109; x_wconf 84' lang='lat' dir='ltr'>illis</span> <span class='ocrx_word' id='word_1_292' title='bbox 2011 4049 2110 4108; x_wconf 77' lang='lat' dir='ltr'>usi</span> <span class='ocrx_word' id='word_1_293' title='bbox 2148 4050 2424 4111; x_wconf 75' lang='lat' dir='ltr'>fuissent.</span> 
     </span>
    </p>
   </div>
   <div class='ocr_carea' id='block_1_2' title="bbox 2832 1815 2835 2316">
    <p class='ocr_par' dir='ltr' id='par_1_3' title="bbox 2832 1815 2835 2316">
     <span class='ocr_line' id='line_1_36' title="bbox 2832 1815 2835 2316; baseline 0 0"><span class='ocrx_word' id='word_1_294' title='bbox 2832 1815 2835 2316; x_wconf 95' lang='lat' dir='ltr'> </span> 
     </span>
    </p>
   </div>
  </div>
 </body>
</html>
