2890 4778
564 365 653 443 ὦ

565 565 811 615 versum
850 551 1040 618 iatum
1078 571 1198 614 nec
1242 562 1382 614 eum
1418 547 1730 634 prioribus
1736 557 1758 627 ‚⁴
1812 557 1930 612 nec
1967 563 2107 611 cum
2152 551 2567 632 sequentibus

563 655 894 717 cohaerere
935 658 1023 718 ait
1057 654 1374 718 Bentleius
1389 700 1407 732 ,
1451 657 1778 734 imperiose
1815 654 1938 715 hoc
1977 654 2209 714 dictum
2254 664 2346 715 est
2362 678 2383 715 ε
2425 659 2565 716 mi-

562 758 730 820 nime
783 778 947 819 vere.
1061 758 1122 819 N
1125 780 1224 819 am
1281 760 1413 839 quis
1474 758 1674 816 nescit
1690 801 1709 831 ,
1785 756 1905 815 hoc
1956 756 2326 817 vocabulum
2379 756 2559 818 idem

560 867 781 920 natura
821 881 931 920 sua
971 860 1310 922 nectendae
1350 859 1623 918 orationi
1659 858 1959 919 inservire
1976 904 1995 936 ,
2029 860 2138 918 ubi
2181 860 2422 939 quidem
2461 860 2555 920 de

562 962 781 1023 eodem
827 962 1072 1023 diversa
1110 961 1547 1041 praedicantur
1562 962 1594 1019 ’ἐ
1679 960 2002 1022 Horatius:
2065 963 2358 1043 informs
2396 960 2552 1021 hie-

561 1073 693 1123 mes
731 1063 970 1123 Peducit
1006 1066 1288 1145 Iuppiter
1304 1086 1326 1122 .-
1364 1062 1531 1122 idem
1565 1063 1890 1123 submovet.
1972 1062 2053 1123 Et
2091 1065 2179 1124 sic
2218 1064 2546 1124 Terentius

560 1163 669 1227 hic
729 1167 1045 1247 aptissime
1094 1166 1215 1227 hoc
1268 1168 1571 1228 vocabulo
1622 1187 1768 1225 usus
1825 1175 1918 1225 est
1971 1165 2050 1225 ad
2106 1166 2549 1239 connectenda,

564 1277 719 1345 quae
762 1269 839 1328 de
880 1277 1064 1349 poeta
1105 1270 1226 1328 isto
1266 1270 1472 1328 refert.
1557 1268 1726 1327 Bene
1770 1269 2095 1344 vertendo,
2162 1269 2393 1347 inquit,
2459 1287 2546 1327 ex

562 1367 813 1430 Graecis
855 1372 1032 1431 bonis
1072 1370 1316 1430 Latinas
1352 1371 1592 1430 fabulas
1633 1370 1782 1430 fecit
1819 1390 1950 1429 non
1992 1371 2180 1430 bonas
2197 1413 2216 1445 ,
2277 1370 2323 1429 i.
2370 1391 2421 1430 e.
2472 1380 2550 1430 ut·

562 1482 733 1532 recte
773 1471 1092 1532 Bentleius
1110 1514 1129 1549 ,
1182 1473 1463 1531 oratione
1506 1489 1726 1554 parum
1769 1472 1982 1532 Latina
2024 1474 2273 1551 scriptas
2292 1497 2309 1532 z
2376 1472 2545 1533 idem

563 1573 890 1635 Menandri
926 1573 1188 1635 Phasma
1226 1595 1396 1633 nunc
1431 1590 1634 1655 nuper
1670 1575 1877 1646 dedit,
1915 1585 2096 1656 atque
2129 1576 2199 1632 in
2232 1573 2545 1634 Thesauro

446 1673 455 1680 ⁵
560 1679 770 1755 posuit
809 1679 1105 1758 quaedam
1146 1677 1331 1736 valde
1373 1678 1652 1736 absurda.
1749 1675 1821 1735 In
1857 1661 2177 1752 'Phasmate
2216 1676 2360 1755 quid
2397 1697 2549 1760 pec-

564 1779 801 1838 caverit
854 1780 970 1839 iste
988 1823 1006 1854 ,
1068 1778 1391 1837 nescimus,
1488 1778 1673 1838 Aliud
1713 1785 1915 1855 certe,
1982 1798 2164 1857 quam
2206 1781 2550 1839 orationem

562 1898 696 1937 non
750 1881 897 1938 satis
949 1881 1230 1938 Latinam
1287 1882 1520 1954 notari,
1595 1889 1850 1958 apparet
1906 1899 1987 1940 ex
2011 1913 2016 1924 =
2042 1883 2174 1962 ipsa
2225 1882 2342 1941 illa
2393 1899 2549 1942 voce

562 1978 744 2038 ἰάσω.
825 1978 1126 2060 Loquitur
1163 1992 1368 2040 autem
1407 1991 1478 2039 ut
1512 1980 1695 2039 de-re
1736 1991 1882 2040 nota
1923 2002 2061 2042 cum
2101 1983 2362 2060 quadam
2399 2004 2551 2043 con-

563 2091 831 2163 temptus
886 2081 1362 2163 significatione,
1429 2091 1503 2142 ut
1533 2083 1745 2162 colligi
1779 2086 1999 2163 possit,
2073 2082 2231 2143 hanc
2281 2085 2551 2144 fabulam

446 2177 523 2244 16
569 2195 680 2248 aut
719 2198 850 2247 non
891 2187 1161 2263 stetisse,
1213 2196 1319 2246 aut
1361 2195 1526 2244 certe
1567 2185 1750 2244 valde
1793 2183 2217 2266 displicuisse(
2272 2184 2344 2244 In
2384 2186 2557 2257 The«-⁶

566 2311 745 2372 sauro
788 2298 991 2362 autem
1033 2299 1315 2369 apertum
1357 2296 1453 2346 est
1491 2307 1623 2345 non
1662 2288 2035 2363 orationem,
2097 2288 2205 2348 sed
2242 2275 2555 2348 inventio-2

566 2415 713 2456 nem
757 2393 1149 2474 reprehendi.
1235 2392 1447 2468 ltaque
1487 2398 1730 2450 tantum
1767 2393 1965 2466 abest,
2021 2401 2094 2450 ut
2136 2392 2555 2454 damnandum

566 2498 651 2556 s'it
701 2490 905 2566 idem,
981 2504 1071 2553 ‘ut-
1103 2493 1386 2554 videatur
1426 2493 1629 2572 potius
1672 2495 1856 2552 unice
1899 2510 2115 2552 verum
2153 2493 2556 2581 judicandam

569 2619 718 2659 esse.
807 2597 973 2669 Quin
1019 2596 1287 2655 dubitari
1329 2595 1516 2654 etiam
1558 2595 1715 2654 illud
1758 2605 1987 2674 potest,
2046 2616 2127 2654 an
2166 2596 2285 2655 ista
2330 2591 2557 2657 Donati

568 2701 919 2774 adnotatio,
999 2710 1122 2777 qua
1181 2699 1259 2758 ad
1315 2698 1809 2756 emendationem
1866 2698 2215 2758 faciendam
2267 2718 2410 2757 usus
2464 2709 2557 2760 est

567 2802 920 2877 BentleiuS,
1010 2801 1200 2860 etiam
1260 2799 1588 2860 confirmet
1641 2801 1943 2859 librorum
1998 2800 2399 2879 scripturam:
2501 2805 2555 2864 si

564 2906 821 2986 quidem
864 2917 994 2962 non
1034 2904 1248 2981 inepte
1291 2903 1617 2982 conjicias,
1665 2901 1976 2961 Donatum
2022 2902 2111 2960 si'c
2149 2905 2356 2981 potius
2399 2907 2557 2964 scri-

567 3009 793 3089 psisse:
855 3004 1056 3076 idem,
1114 3008 1158 3063 ἰ.
1194 3025 1243 3062 e.
1283 3004 1591 3063 simliter.
1677 3003 1847 3077 Quae
1890 3023 2019 3063 non
2063 3005 2384 3084 vocabuli,
2448 3008 2559 3069 sed

564 3109 919 3171 sententiae
947 3109 1279 3188 explicatio
1322 3111 1460 3168 erit»
1499 3140 1504 3145 ·

456 3190 457 3199 ἵ
738 3211 936 3271 Versu
983 3229 1076 3288 17.
1115 3213 1205 3270 ita
1242 3211 1586 3289 legebatur&

821 3313 1014 3373 habeo
1060 3314 1193 3372 alia
1233 3312 1431 3371 multa
1447 3355 1464 3386 ‚
1509 3322 1668 3389 quae
1708 3326 1877 3372 nunc
1913 3304 2394 3370 condonabitur:
2422 3349 2429 3355 -

819 3434 982 3496 quae
1012 3419 1416 3498 proferentur
1456 3426 1592 3493 post
1606 3456 1626 3484 ,
1698 3419 1759 3473 εἰ
1792 3426 2008 3495 perget
2043 3411 2304 3473 laedere.

453 3577 457 3581 .
518 3494 528 3513 ’
564 3507 930 3598 -‚,Egregie,“
982 3519 1189 3598 inquit
1203 3521 1229 3595 ,'
1271 3519 1513 3594 „codex
1551 3517 1619 3577 G.
1666 3517 1733 3577 C.
1774 3538 1945 3578 nunc
1985 3536 2145 3601 quas
2188 3512 2561 3575 condonabi—

565 3634 749 3699 -„tur,
801 3620 894 3678 sio
937 3621 1105 3680 enim
1148 3631 1210 3681 et
1249 3636 1418 3680 nanc
1463 3625 1528 3680 e't
1559 3627 1740 3699 post,
1795 3637 1953 3699 quae
1996 3627 2431 3699 opponuntur,
2491 3618 2562 3675 in

564 3726 731 3801 „ictu
770 3724 950 3783 ambo
989 3734 1164 3799 sunt,
1219 3734 1283 3783 et
1322 3740 1486 3803 quae
1529 3742 1660 3780 non
1692 3722 1945 3782 inchoat
1990 3731 2316 3800 utrumque
2358 3720 2562 3795 colon,

563 3840 821 3908 ‘2-‚pa'rum
869 3829 1185 3887 venuste.“
1308 3823 1554 3885 Codicis
1614 3824 1786 3884 illius
1839 3818 2206 3905 scripturam
2261 3823 2332 3880 in
2387 3830 2562 3880 textu

561 3929 783 4009 posuit.
872 3929 951 3988 At
987 3948 1060 3989 ea
1091 3942 1222 3987 non
1261 3927 1535 4013 egregia,
1574 3927 1684 3986 sed
1720 3928 1987 4007 pessima
2026 3936 2136 3985 est.
2220 3921 2384 3995 Illud
2423 3923 2578 4001 quia·

548 4030 704 4092 ‘dam
761 4032 901 4091 l'eve
955 4041 1049 4093 est
1099 4040 1165 4091 et
1217 4048 1348 4087 non
1404 4027 1656 4107 dignum
1710 4039 2140 4110 argumentum
2199 4023 2366 4105 quod
2426 4026 2558 4101 quis

560 4134 822 4210 refutet,
909 4114 1073 4210 quod
1127 4132 1215 4201 ait
1266 4149 1489 4210 parum
1552 4137 1810 4196 venuste
1867 4139 2199 4210 utrumque
2271 4126 2460 4219 colon
2525 4147 2562 4185 a
