2890 4778
2148 374 2153 382 '
2226 396 2330 462 15·

286 560 667 636 Casauboni
709 555 781 633 in
832 569 1085 651 Equites
1114 570 1585 653 Aristophanis,
1641 591 1789 653 quas
1834 592 1917 632 ex
1955 574 2087 660 ejus
2128 581 2310 632 auto-

311 675 550 759 grapho
604 677 708 736 vir
760 675 1011 756 quidam
1060 676 1133 735 in
1162 675 1317 733 ‘aula
1359 675 1600 735 Gallica
1654 674 1955 755 dignitate
1993 682 2056 733 et
2092 674 2309 753 opibus

311 767 614 854 illustris,
706 774 962 838 nomine
1030 774 1461 857 Reymondus‚
1541 775 1853 838 Editionis
1916 776 2090 842 meae
2147 774 2313 836 fama

317 890 697 955 commotus,
757 880 925 939 ultro
971 873 1097 959 pro'
1130 899 1253 937 me·
1276 879 1708 942 describendas
1745 878 2002 944 curavit.
2097 873 2317 934 Fateor

312 1003 465 1044 sane
505 1003 607 1043 me
647 982 770 1041 hoc
813 982 1207 1060 inexpectato
1268 980 1573 1042 thesauro·
1611 989 1980 1062 magnopere
2020 973 2314 1038 laetatum

290 1085 527 1147 fuisse.
612 1082 773 1143 ‘His‘
824 1083 1111 1143 omnibus
1168 1061 1547 1141 ornamentis
1587 1084 1652 1142 ‘si
1708 1080 2077 1142 accesserint
2101 1097 2109 1106 '
2132 1080 2318 1143 notite

315 1201 493 1248 meae
554 1186 1042 1266 qualescunque,
1105 1183 1382 1265 itemque
1435 1183 1661 1248 Variae
1710 1180 2011 1244 lectiones
2054 1191 2317 1262 quatuor

319 1289 605 1350 codicum
667 1285 838 1347 MSS.
895 1296 959 1347 et
1009 1285 1262 1347 Scholia
1313 1295 1460 1346 ante
1500 1286 1740 1350 inedita
1790 1286 1862 1346 in
1917 1288 2315 1368 Lysistratam

318 1392 509 1472 (quae
547 1390 664 1452 tibi
694 1388 924 1468 debeo)
958 1408 1205 1470 sperare
1231 1390 1426 1449 ausim
1454 1388 1812 1450 Editionem
1840 1409 2041 1472 meam
2067 1390 2318 1470 (quam-
2353 1450 2358 1456 ,

194 1505 203 1512 ’
315 1495 414 1555 vis
466 1502 660 1573 pene'
691 1492 860 1552 intra
908 1491 1235 1552 biennium
1308 1500 1371 1551 et
1425 1491 1779 1552 inchoatam
1833 1498 1896 1554 et
1951 1489 2317 1575 absolutam)

313 1615 616 1677 perquam
652 1584 1033 1655 luculentam
1083 1593 1236 1653 fore.
1362 1592 1433 1653 Si
1477 1595 1793 1675 specimen
1834 1613 2043 1657 meum
2084 1614 2123 1652 a
2166 1591 2316 1654 Cle-

315 1697 451 1757 rico
498 1697 768 1773 editum,
843 1697 991 1781 tibi,
1076 1696 1290 1756 Amice
1347 1716 1597 1777 magne,
1672 1696 1944 1778 placuit,
1977 1696 2320 1777 >spondere

298 1800 480 1861 mihi
539 1793 777 1876 ausim,
858 1807 922 1859 et
960 1798 1201 1879 reliqua
1249 1798 1366 1857 tibi
1429 1798 1622 1880 magis
1677 1797 1879 1859 adhuc
1934 1820 2067 1862 esse
2120 1799 2326 1880 placi-

204 1909 209 1918 '
317 1910 459 1962 tura
477 1945 496 1978 ,
541 1902 777 1982 quippe
811 1901 882 1961 in
924 1901 1145 1981 quibus
1179 1902 1373 1981 plura'
1401 1895 2092 1990 παρακεκινδυνευμένα)
2136 1912 2206 1963 et
2241 1911 2323 1963 e'x

302 2003 661 2065 reconditis
707 2003 980 2064 Graecae
1039 2003 1286 2084 linguae
1325 2003 1745 2083 penetralibus
1789 2004 2158 2087 deprompta
2185 2015 2318 2066 '‘oc-

298 2113 589 2166 ·current.
678 2104 779 2165 At
829 2098 1118 2187 φορτικὸς
1162 2108 1264 2165 sor
1268 2116 1365 2165 te
1380 2105 1500 2165 fibi
1555 2104 1815 2167 videbor
1856 2109 1993 2186 qui·
2006 2111 2131 2168 tam
2179 2117 2324 2172 ma-

318 2206 541 2288 gnifice
581 2206 660 2266 de
705 2203 979 2288 propriis
1025 2201 1342 2267 laboribus
1383 2207 1663 2268 mutiam.
1767 2207 1976 2331 Quare
2014 2209 2320 2273 calamum

316 2309 424 2368 hic
469 2311 761 2387 reprimo.

428 2410 674 2483 Quod
729 2410 810 2469 ad
863 2406 1317 2470 dedicationem
1360 2327 1792 2491 Aristophanis
1845 2413 2171 2488 adtinet,
2187 2428 2321 2479 non

319 2533 529 2573 meum
570 2511 818 2591 quidem
861 2522 985 2589 est,⁴
1059 2511 1225 2572 ullas
1267 2514 1663 2601 generositati
1705 2512 1960 2576 alterius
2000 2515 2166 2594 leges
2201 2534 2323 2596 po«,

317 2635 512 2695 nere3
585 2623 854 2675 attamen
910 2616 1236 2694 (quoniam
1296 2635 1501 2677 meam
1553 2615 1674 2677 hac
1699 2612 1803 2678 'de
1839 2638 1912 2679 re
1931 2617 2321 2681 “sententiam

218 2737 224 2741 ·
284 2718 481 2778 a'scire
535 2716 741 2798 cupis)
797 2717 1114 2778 crederem
1177 2718 1260 2780 50
1312 2719 1421 2781 vel
1458 2738 1766 2780 summum
1806 2720 1888 2785 60
1926 2720 2122 2783 libras
2144 2710 2324 2802 ‚ater-

228 2857 232 2860 ·
318 2818 605 2899 lingicas,
657 2820 897 2885 lautum
938 2820 1074 2883 sore
1117 2820 1576 2883 honorarium.‘
1629 2821 1756 2883 Sed
1792 2833 1891 2899 tu,
1965 2822 2322 2885 Amicorum

317 2914 589 2997 summe,
632 2922 849 2989 Atotius
895 2922 1080 3004 hujus
1117 2925 1353 3005 negotii
1393 2920 1781 3009 αὐτοκράτωρ
1822 2935 1954 2987 esto
1971 2966 1991 3001 ,
2063 2930 2322 3006 persua-

319 3030 577 3102 sumque
644 3023 898 3102 habeas,
976 3047 1081 3088 me
1134 3028 1314 3108 aequi
1365 3027 1642 3114 bonique
1694 3028 2118 3090 consulturum
2187 3048 2320 3089 esse

320 3125 613 3206 quicquid
647 3125 766 3187 hac
802 3130 872 3188 'in
910 3149 980 3188 re
1020 3130 1324 3190 statueris,

492 3229 685 3310 Pergo
737 3230 863 3312 jam
922 3232 1003 3292 ad
1053 3231 1287 3292 Nubes:
1360 3252 1442 3293 ex
1493 3233 1717 3313 quibus
1771 3227 1968 3314 pauca
2022 3226 2320 3314 quaeflam

319 3330 523 3409 loca‚‘
562 3333 636 3392 in
680 3353 838 3413 quae
877 3336 985 3395 vel
1026 3354 1105 3395 ex
1136 3326 1277 3394 MS.
1315 3336 1422 3395 vel
1464 3347 1546 3396 ex
1582 3336 1828 3415 ingenio
1884 3337 2077 3396 crisi'n
2138 3342 2322 3397 eier-

320 3435 465 3512 cui,
519 3431 628 3496 hic
672 3437 1055 3520 subjungam.
1154 3438 1316 3500 Nam
1357 3439 1570 3498 omnia
1613 3439 1908 3520 attingere
1947 3459 2065 3499 nec
2094 3458 2321 3499 neces·

226 3570 231 3573 -
321 3538 552 3598 sarium
599 3550 783 3620 put0‚
854 3560 977 3601 nec
1020 3541 1317 3621 t‘emporis
1372 3551 1436 3601 et
1493 3541 1769 3622 epistolii
1818 3541 2003 3625 hujus
2044 3538 2326 3624 angustia

319 3641 566 3718 patitur.
650 3642 724 3702 V.
774 3661 911 3724 ¹09·
967 3663 1187 3704 vocem
1242 3636 1577 3725 φασιανους
1649 3664 1791 3705 cum
1859 3644 2210 3706 Athenaeo
2242 3644 2323 3703 de

322 3741 539 3801 avibus
581 3746 686 3805 vel
737 3746 987 3826 gallinis
1025 3748 1116 3807 ita
1158 3747 1342 3808 dictis
1384 3745 1658 3826 accipi03
1722 3768 1889 3822 non,
1941 3757 2012 3808 ut
2051 3746 2220 3820 alii,
2242 3744 2323 3804 de

323 3842 516 3920 equis.
600 3845 698 3906 De
750 3849 889 3908 loco
941 3850 1077 3909 illo·
1122 3849 1488 3911 scholiastae
1541 3850 1622 3909 ad
1674 3867 1738 3915 v.
1786 3849 1931 3909 258.
2015 3840 2325 3926 φθάσαντι

322 3938 394 4006 δὲ
437 3932 635 4028 οὲιῖτῷ,
680 3951 942 4028 amplius
983 3951 1377 4031 cogitandum
1414 3972 1666 4013 censeo:
1730 3953 1824 4010 uti
1864 3948 2041 4010 et‘de
2080 3949 2199 4009 ino
2241 3948 2322 4009 ad
2359 3947 2486 4010 416

319 4064 381 4106 v.
415 4047 562 4107 263.
599 4060 867 4131 μερικοῒς
908 4047 1257 4135 φιλοσόφων
1291 4048 1518 4140 λόγως.
1567 4050 1570 4055 ’
1635 4051 1797 4125 Quid
1838 4050 2005 4110 enim
2047 4050 2167 4110 sibi
2193 4049 2315 4111 'hio

318 4148 459 4215 vult
492 4148 663 4211 illud·
690 4162 956 4237 μερικοῖς
969 4153 1006 4211 ,⁹
2145 4191 2154 4199 ·
