2890 4778
579 461 678 526 50

576 636 940 731 Andreae,
1015 636 1140 736 qui
1192 635 1268 707 in
1317 631 1817 732 Marpttrgensi
1859 631 2230 707 Cattorum
2284 635 2565 712 Acadea

576 775 716 848 mia
779 780 1036 874 magno
1116 797 1281 843 cum
1360 769 1704 868 applausu
1765 768 2269 869 interpretatur
2333 798 2562 847 sacras

574 897 863 982 litteras·
961 904 1247 1004 Magnis
1291 904 1612 1004 passibus
1657 902 1749 978 ad
1789 925 2122 1003 paternae
2160 907 2396 979 laudis
2441 908 2565 982 dez
2661 974 2669 985 .

574 1070 699 1119 cus
748 1037 1104 1143 procedit.
1231 1039 1507 1128 Nobis,
1571 1038 1917 1138 quamdiu
1963 1040 2089 1116 hic
2149 1041 2329 1141 egit,
2393 1060 2563 1145 pro-‘-

570 1178 781 1265 bavit
805 1175 1074 1276 ingenii
1122 1175 1232 1248 sui
1274 1175 1814 1276 praestantiam,
1862 1175 2430 1276 singularemque
2479 1177 2594 1251 in·

573 1309 994 1387 excolendis
1041 1336 1277 1382 sacrae
1321 1309 1768 1408 Theologiae
1811 1308 2069 1382 studiis
2112 1309 2559 1386 industriam.

569 1449 738 1523 Hoc
766 1447 1058 1522 nomine
1083 1442 1460 1517 contendit
1487 1443 1563 1515 in
1594 1465 1893 1519 vestram
1918 1446 2197 1519 beatam
2232 1442 2559 1540 insulam,

508 1602 517 1619 ‘
569 1606 653 1656 ut
702 1583 808 1655 ibi
866 1580 1205 1653 collectas
1269 1578 1540 1677 ingenii
1595 1607 1766 1680 opes
1823 1602 2071 1680 augeat
2122 1603 2196 1655 et
2254 1601 2554 1681 aggeret.

572 1716 799 1807 Quod
866 1714 1079 1787 facile
1137 1740 1212 1786 se
1273 1735 1822 1787 consecuturum
1882 1716 2273 1812 existimat,
2352 1717 2413 1788 si
2465 1737 2557 1798 te,

571 1850 926 1950 singulare
976 1848 1386 1922 Britanniae
1435 1867 1597 1925 tuae
1653 1848 1906 1946 decus,
1967 1850 2212 1927 videre
2258 1851 2395 1924 sihi
2433 1849 2559 1923 da·

526 1970 535 2029 i·
568 1986 784 2058 bitur.
874 1989 1012 2080 Tu,
1056 1984 1165 2059 vir
1201 1985 1728 2080 humanissimQ
1776 1960 1926 2057 non
1967 1985 2322 2061 invidebis
2363 2008 2556 2087 egre·
2603 2070 2608 2079 ,

568 2120 689 2220 gio
726 2117 965 2218 juveni
1005 2120 1203 2192 hunc
1238 2119 1513 2193 itineris
1556 2122 1886 2196 fructum.
1975 2121 2200 2209 Quod
2240 2123 2302 2195 si
2345 2123 2555 2195 etiam

566 2283 863 2356 magnos
926 2254 1301 2328 Antistites
1350 2253 1708 2329 Ecclesiae
1759 2277 2026 2332 vestrae
2070 2256 2555 2357 compellandi

567 2391 841 2502 aditum
881 2393 949 2468 ei
996 2391 1351 2492 aperueris
1370 2447 1393 2488 ‚
1470 2394 1867 2465 cumulabis
1910 2414 2056 2484 tuax
2074 2394 2447 2468 beneficia.

435 2539 537 2630 59
612 2501 628 2521 ’
709 2528 1017 2612 Litteras
1066 2528 1311 2623 bina8‚
1388 2556 1563 2626 quas
1613 2530 2023 2629 nuperrime
2070 2528 2241 2602 dedi
2305 2529 2401 2601 ad
2458 2549 2554 2626 te,

560 2663 838 2764 priores
918 2662 1214 2762 quidem
1295 2663 1372 2735 in
1438 2690 1614 2763 quas
1675 2664 1821 2735 duo
1851 2664 2048 2737 ‘folia
2106 2671 2551 2761 conjeceram

561 2799 1167 2899 Epigrammatum
1217 2789 1644 2871 Callimachi
1690 2826 1857 2872 cum
1900 2798 2042 2871 tuis
2084 2819 2156 2870 et
2194 2798 2553 2874 variorum

558 2934 788 3028 notiS‚
852 2955 923 3008 et
977 2932 1355 3031 Specimen
1402 2933 1737 3008 editionis
1784 2933 2281 3028 Manethonis‚
2335 2962 2554 3032 quam

559 3066 1067 3164 inngermania
1115 3067 1548 3162 moliuntur3
1625 3070 1911 3162 alteraS‚
1970 3068 2230 3168 quibus
2283 3068 2549 3167 signifi·-

562 3177 837 3290 caram,
892 3225 1007 3270 me
1052 3217 1206 3270 tuas
1252 3200 1892 3278 animadversiones
1938 3204 2015 3275 in
2060 3205 2332 3305 reliqua
2376 3204 2547 3303 Epi-

561 3354 966 3433 grammata,
1019 3354 1091 3408 et
1130 3335 1386 3433 partim
1418 3337 2004 3437 Fragmentorum
2035 3338 2544 3438 elegantissime

562 3468 1152 3575 concinnatorum
1223 3471 1610 3570 accepisse,
1705 3494 1777 3545 et
1838 3494 2069 3545 cetera
2143 3490 2542 3570 exspectare

564 3598 1060 3699 cupidissime,
1127 3609 1464 3701 nunciOS‚
1523 3597 1658 3708 ,qui
1712 3608 1886 3680 hinc
1947 3608 2214 3680 litteras
2274 3583 2369 3679 ad
2420 3610 2546 3683 vos

562 3735 970 3835 perferunt,
1026 3737 1159 3811 tibi
1203 3740 1599 3815 reddidisse
1653 3771 1883 3842 spero·
1973 3742 2190 3817 Nunc
2234 3741 2309 3815 in
2355 3763 2545 3815 tanta

566 3868 1014 3988 testinatione
1063 3872 1245 3969 quid
1294 3877 1557 3950 addam
1605 3905 1755 3950 non
1810 3877 2072 3950 habeo,
2176 3878 2261 3950 Si
2300 3877 2548 3973 digna-

563 4003 754 4080 beris
792 4032 904 4078 me
943 4008 1318 4084 certiorem
1362 4012 1665 4086 reddere
1713 4011 1893 4113 quid
1935 4013 2153 4111 agites
2192 4038 2357 4084 cum
2399 4038 2547 4084 ma-
2581 4087 2585 4091 Α

563 4138 774 4247 xime,
825 4161 896 4214 et
934 4141 1009 4216 in
1059 4144 1316 4243 quibus
1359 4147 1612 4220 studiis
1660 4168 1778 4218 tua
1819 4167 2133 4221 versetur
2176 4143 2564 4244 industrias
