2890 4778
546 338 697 411 276

548 523 730 610 κῶς·
819 519 945 597 sed
1013 520 1436 622 simpliciter
1508 517 1844 613 τάγηνον
1902 518 2115 612 σίζον
2183 522 2338 594 sine
2407 523 2547 598 illo

548 656 929 733 τευθίδων
978 660 1092 733 vix
1152 658 1417 756 opinor
1468 653 1780 727 dixisset.
1881 654 2073 728 Sect.
2117 680 2281 729 ποι.
2334 659 2552 730 locus

521 783 992 866 'Pherecratis
1035 794 1138 864 sic
1189 786 1541 864 locandus
1587 808 1662 861 et
1718 788 2209 894 corrigendus,

753 1038 983 1055 ---—·
1029 995 1178 1081 πῶς
1229 990 1330 1066 ἂν
1369 980 1517 1067 οὖν
1568 989 1914 1091 κομίσειὲ
1956 1021 2101 1089 μοι
2159 975 2164 984 ’

768 1134 892 1217 Τις
931 1125 1432 1228 θυμαλῶπων
1480 1118 1622 1203 ὦδε
1662 1126 1950 1227 μεστὴν
1987 1127 2361 1229 ἐσχάραν,-

549 1335 740 1410 Sect.
790 1357 959 1413 102.
1021 1327 1407 1405 Menandri
1453 1330 1697 1403 locum
1747 1329 1848 1401 sic
1892 1330 2162 1405 scribe:

958 1543 1044 1559 —-
1084 1542 1193 1559 --
1226 1494 1524 1593 ἡγεῖται
1576 1494 1652 1597 μ’
1708 1493 1900 1585 ὅλως

955 1629 1464 1710 Ἔπικόπανόν
1516 1664 1592 1708 τι
1640 1679 1742 1693 --
1767 1680 1867 1694 --

553 1842 688 1916 Me
738 1815 1030 1935 quidem
1071 1841 1319 1933 plane·
1347 1829 1679 1909 mensam
1705 1833 2270 1935 ‘coquinat-iam¹
2296 1825 2554 1938 quart-'-

554 1980 736 2047 dam
794 1977 1190 2046 existimat.
1261 1972 1476 2064 (adeo
1539 2001 1656 2048 me
1721 1975 2132 2049 verberibus
2192 1943 2550 2067 concidit)

308 2121 321 2131 '
384 2091 530 2165 505
558 2110 747 2184 Sect.
792 2116 959 2184 105.
1063 2109 1355 2208 Solonis
1398 2107 1717 2206 iambum
1763 2108 1963 2183 dolet
2011 2110 2192 2198 mihi
2234 2140 2273 2184 a
2322 2136 2393 2185 te
2439 2118 2550 2214 ju·
2594 2115 2599 2118 ’

559 2247 882 2346 gulatum
934 2270 1120 2339 esse,
1186 2274 1353 2319 cum
1405 2268 1531 2319 tuo
1588 2244 1869 2321 πευσίδ.
1976 2246 2236 2334 Quid?
2304 2274 2544 2323 nonne

557 2411 643 2455 ex
687 2367 842 2454 'illis
885 2385 968 2457 οἱ
1017 2385 1166 2482 μὲν
1221 2382 1386 2455 satis
1433 2403 1747 2480 constat,
1814 2381 2099 2455 nullum
2153 2409 2271 2455 vas
2324 2384 2546 2457 antei-

555 2517 770 2590 visse:
841 2520 923 2592 οἱ
966 2521 1114 2615 μὲν
1185 2518 1380 2591 enim
1438 2546 1719 2618 semper
1776 2517 2104 2591 inchoat:
2181 2519 2309 2593 sed
2393 2522 2548 2617 ipse

558 2677 797 2725 versus
867 2650 1060 2725 illud
1139 2674 1346 2725 tuum
1406 2649 1695 2726 furcilla
1777 2653 2091 2753 expellit.
2215 2652 2549 2725 Scriben-

544 2785 776 2882 dum,
826 2764 946 2861 aut
991 2787 1399 2865 σπεύδουσι
1443 2785 1515 2865 δ
1533 2843 1560 2882 ,
1614 2810 1739 2861 aut
1780 2786 2081 2864 διδοῦσι
2128 2785 2240 2882 δ’,
2293 2810 2414 2863 aut
2455 2789 2549 2862 si-

559 2923 733 2996 mile
783 2920 970 3022 quid
1008 2925 1455 3034 trisyllabon.
1559 2904 2209 2999 Sect.105.locus
2254 2925 2549 3022 Cratini,

542 3037 950 3135 Επὲδωκεν
1033 3059 1415 3153 βαλάνων
1482 3058 1775 3152 ἄβακα
1848 3060 1997 3134 τῶν
2054 3063 2154 3134 ἐκ
2211 3059 2549 3160 φιτ-νέως.

557 3191 695 3265 ubi
744 3192 1088 3267 Kuhnius
1157 3195 1451 3295 corrigit
1512 3193 1942 3288 Πιτθέως,
1933 3193 2133 3307 ‚⁵⁶ss·
2195 3222 2283 3269 ex
2327 3197 2548 3271 domo

557 3324 851 3399 Pitthei.
948 3327 1277 3426 Frustra3
1344 3333 1552 3432 quasi
1612 3332 1940 3403 Pittheus
2000 3329 2270 3404 Thesei
2329 3344 2550 3405 avun-

560 3457 761 3530 culus
831 3457 906 3530 in
981 3461 1154 3535 vivis
1231 3486 1412 3567 esset
1490 3462 1712 3538 aetate
1791 3465 2102 3569 Cratini3
2212 3469 2551 3538 Ceterum

561 3591 724 3708 quis
774 3618 924 3665 non
985 3594 1183 3669 videt
1240 3601 1488 3674 locum
1536 3599 1937 3698 quendam,
2005 3600 2138 3674 ubi
2197 3590 2552 3692 βάλανοι

561 3748 1200 3823 nascuntur‚,non
1262 3732 1635 3810 hominem
1703 3733 2080 3834 designari.
2188 3734 2553 3839 Equidem

564 3863 665 3939 sic
713 3864 1033 3967 legerim,

593 4028 958 4110 Ἐπὲδωκε
995 4033 1377 4127 βαλάνων
1428 4014 1727 4135 ἄβακα-
1775 4041 1924 4115 τῶν
1965 4043 2058 4115 ἐκ
2085 4051 2090 4055 ’
2118 4008 2479 4125 Φελλέως.
