<?xml version="1.0" encoding="UTF-8"?>
<!DOCTYPE html PUBLIC "-//W3C//DTD XHTML 1.0 Transitional//EN"
    "http://www.w3.org/TR/xhtml1/DTD/xhtml1-transitional.dtd">
<html xmlns="http://www.w3.org/1999/xhtml" xml:lang="en" lang="en">
 <head>
  <title>
</title>
<meta http-equiv="Content-Type" content="text/html;charset=utf-8" />
  <meta name='ocr-system' content='tesseract 3.04.00' />
  <meta name='ocr-capabilities' content='ocr_page ocr_carea ocr_par ocr_line ocrx_word'/>
</head>
<body>
  <div class='ocr_page' id='page_1' title='image "./richardibentlei01hermgoog_0089.png"; bbox 0 0 2890 4778; ppageno 0'>
   <div class='ocr_carea' id='block_1_1' title="bbox 2234 436 2334 512">
    <p class='ocr_par' dir='ltr' id='par_1_1' title="bbox 2234 436 2334 512">
     <span class='ocr_line' id='line_1_1' title="bbox 2234 436 2334 512; baseline -0.02 0"><span class='ocrx_word' id='word_1_1' title='bbox 2234 436 2334 512; x_wconf 76' lang='lat'><strong>63</strong></span> 
     </span>
    </p>
   </div>
   <div class='ocr_carea' id='block_1_2' title="bbox 1109 638 1663 791">
    <p class='ocr_par' dir='ltr' id='par_1_2' title="bbox 1109 638 1663 791">
     <span class='ocr_line' id='line_1_2' title="bbox 1109 638 1663 791; baseline -0.004 -27"><span class='ocrx_word' id='word_1_2' title='bbox 1109 690 1247 791; x_wconf 62' lang='grc' dir='ltr'><strong>Εμ</strong></span> <span class='ocrx_word' id='word_1_3' title='bbox 1328 638 1663 763; x_wconf 53' lang='grc' dir='ltr'><strong>ΧΧΠ.Α</strong></span> 
     </span>
    </p>
   </div>
   <div class='ocr_carea' id='block_1_3' title="bbox 498 877 2184 1203">
    <p class='ocr_par' dir='ltr' id='par_1_3' title="bbox 498 877 2184 1203">
     <span class='ocr_line' id='line_1_3' title="bbox 498 877 2184 944; baseline -0.004 0"><span class='ocrx_word' id='word_1_4' title='bbox 498 879 715 944; x_wconf 73' lang='lat' dir='ltr'><strong>vmo‘</strong></span> <span class='ocrx_word' id='word_1_5' title='bbox 799 877 1099 938; x_wconf 70' lang='lat' dir='ltr'><strong>sumno</strong></span> <span class='ocrx_word' id='word_1_6' title='bbox 1167 886 1651 938; x_wconf 75' lang='lat' dir='ltr'><strong>RIanRuo</strong></span> <span class='ocrx_word' id='word_1_7' title='bbox 1725 884 2184 937; x_wconf 70' lang='grc' dir='ltr'><strong>ΒΕΝτιΕιο</strong></span> 
     </span>
     <span class='ocr_line' id='line_1_4' title="bbox 704 978 1709 1071; baseline 0.002 -5"><span class='ocrx_word' id='word_1_8' title='bbox 704 1005 712 1013; x_wconf 86' lang='grc'>’</span> <span class='ocrx_word' id='word_1_9' title='bbox 1195 1022 1253 1065; x_wconf 75' lang='lat' dir='ltr'><strong>s,</strong></span> <span class='ocrx_word' id='word_1_10' title='bbox 1303 1019 1370 1071; x_wconf 81' lang='lat' dir='ltr'><strong>P.</strong></span> <span class='ocrx_word' id='word_1_11' title='bbox 1420 995 1505 1069; x_wconf 62' lang='lat' dir='ltr'><strong>DJ</strong></span> <span class='ocrx_word' id='word_1_12' title='bbox 1684 978 1709 991; x_wconf 39' lang='lat'><strong>’-</strong></span> 
     </span>
     <span class='ocr_line' id='line_1_5' title="bbox 966 1143 1724 1203; baseline -0.003 -1"><span class='ocrx_word' id='word_1_13' title='bbox 966 1154 1018 1202; x_wconf 73' lang='grc' dir='ltr'><strong>τ.</strong></span> <span class='ocrx_word' id='word_1_14' title='bbox 1085 1143 1191 1199; x_wconf 44' lang='lat' dir='ltr'><strong>cu</strong></span> <span class='ocrx_word' id='word_1_15' title='bbox 1237 1144 1724 1203; x_wconf 67' lang='lat' dir='ltr'><strong>ouanvms‘.</strong></span> 
     </span>
    </p>
   </div>
   <div class='ocr_carea' id='block_1_4' title="bbox 353 1298 2345 1664">
    <p class='ocr_par' dir='ltr' id='par_1_4' title="bbox 353 1298 2345 1664">
     <span class='ocr_line' id='line_1_6' title="bbox 506 1298 2338 1400; baseline 0.001 -24"><span class='ocrx_word' id='word_1_16' title='bbox 506 1302 699 1376; x_wconf 88' lang='lat' dir='ltr'><strong>Cum</strong></span> <span class='ocrx_word' id='word_1_17' title='bbox 740 1327 859 1373; x_wconf 89' lang='lat' dir='ltr'><strong>me</strong></span> <span class='ocrx_word' id='word_1_18' title='bbox 908 1298 1453 1400; x_wconf 84' lang='lat' dir='ltr'><strong>compellassent</strong></span> <span class='ocrx_word' id='word_1_19' title='bbox 1482 1322 1492 1361; x_wconf 71' lang='lat'>³</span> <span class='ocrx_word' id='word_1_20' title='bbox 1518 1298 1761 1374; x_wconf 85' lang='lat' dir='ltr'><strong>hodie·</strong></span> <span class='ocrx_word' id='word_1_21' title='bbox 1789 1298 1873 1373; x_wconf 85' lang='lat' dir='ltr'><strong>hi</strong></span> <span class='ocrx_word' id='word_1_22' title='bbox 1937 1320 2075 1374; x_wconf 89' lang='lat' dir='ltr'><strong>tres</strong></span> <span class='ocrx_word' id='word_1_23' title='bbox 2132 1301 2338 1378; x_wconf 66' lang='lat' dir='ltr'><strong>nobi,</strong></span> 
     </span>
     <span class='ocr_line' id='line_1_7' title="bbox 353 1422 2343 1536; baseline -0.002 -25"><span class='ocrx_word' id='word_1_24' title='bbox 353 1440 459 1511; x_wconf 88' lang='lat' dir='ltr'><strong>les</strong></span> <span class='ocrx_word' id='word_1_25' title='bbox 508 1441 834 1536; x_wconf 76' lang='lat' dir='ltr'><strong>juveneS,</strong></span> <span class='ocrx_word' id='word_1_26' title='bbox 914 1434 1133 1508; x_wconf 91' lang='lat' dir='ltr'><strong>domo</strong></span> <span class='ocrx_word' id='word_1_27' title='bbox 1157 1433 1407 1534; x_wconf 75' lang='lat' dir='ltr'><strong>=Cani,</strong></span> <span class='ocrx_word' id='word_1_28' title='bbox 1482 1422 1992 1534; x_wconf 78' lang='lat' dir='ltr'><strong>petiissentque</strong></span> <span class='ocrx_word' id='word_1_29' title='bbox 2047 1435 2108 1508; x_wconf 87' lang='lat' dir='ltr'><strong>si</strong></span> <span class='ocrx_word' id='word_1_30' title='bbox 2159 1433 2343 1536; x_wconf 88' lang='lat' dir='ltr'><strong>quid</strong></span> 
     </span>
     <span class='ocr_line' id='line_1_8' title="bbox 355 1567 2345 1664; baseline -0.001 -18"><span class='ocrx_word' id='word_1_31' title='bbox 355 1573 614 1648; x_wconf 86' lang='lat' dir='ltr'><strong>vellem</strong></span> <span class='ocrx_word' id='word_1_32' title='bbox 666 1571 743 1642; x_wconf 90' lang='lat' dir='ltr'><strong>in</strong></span> <span class='ocrx_word' id='word_1_33' title='bbox 786 1570 1262 1664; x_wconf 83' lang='lat' dir='ltr'><strong>Britanniam,</strong></span> <span class='ocrx_word' id='word_1_34' title='bbox 1345 1569 1482 1642; x_wconf 85' lang='lat' dir='ltr'><strong>sihi</strong></span> <span class='ocrx_word' id='word_1_35' title='bbox 1522 1589 1606 1643; x_wconf 89' lang='lat' dir='ltr'><strong>ut</strong></span> <span class='ocrx_word' id='word_1_36' title='bbox 1642 1567 2096 1664; x_wconf 84' lang='lat' dir='ltr'><strong>mandarem,</strong></span> <span class='ocrx_word' id='word_1_37' title='bbox 2169 1597 2345 1644; x_wconf 84' lang='lat' dir='ltr'><strong>con-</strong></span> 
     </span>
    </p>
   </div>
   <div class='ocr_carea' id='block_1_5' title="bbox 2312 865 2457 952">
    <p class='ocr_par' dir='ltr' id='par_1_5' title="bbox 2312 865 2457 952">
     <span class='ocr_line' id='line_1_9' title="bbox 2312 865 2457 952; baseline 0.048 -7"><span class='ocrx_word' id='word_1_38' title='bbox 2312 865 2457 952; x_wconf 72' lang='lat'><strong>‚75</strong></span> 
     </span>
    </p>
   </div>
   <div class='ocr_carea' id='block_1_6' title="bbox 356 1703 2445 1808">
    <p class='ocr_par' dir='ltr' id='par_1_6' title="bbox 356 1703 2445 1808">
     <span class='ocr_line' id='line_1_10' title="bbox 356 1703 2445 1808; baseline 0 -30"><span class='ocrx_word' id='word_1_39' title='bbox 356 1705 719 1779; x_wconf 82' lang='lat' dir='ltr'><strong>stitueram</strong></span> <span class='ocrx_word' id='word_1_40' title='bbox 765 1704 1010 1778; x_wconf 86' lang='lat' dir='ltr'><strong>multis</strong></span> <span class='ocrx_word' id='word_1_41' title='bbox 1052 1726 1290 1778; x_wconf 90' lang='lat' dir='ltr'><strong>tecum</strong></span> <span class='ocrx_word' id='word_1_42' title='bbox 1341 1730 1584 1804; x_wconf 84' lang='lat' dir='ltr'><strong>agere,</strong></span> <span class='ocrx_word' id='word_1_43' title='bbox 1636 1724 1709 1778; x_wconf 85' lang='lat' dir='ltr'><strong>et</strong></span> <span class='ocrx_word' id='word_1_44' title='bbox 1749 1730 1897 1779; x_wconf 87' lang='lat' dir='ltr'><strong>non</strong></span> <span class='ocrx_word' id='word_1_45' title='bbox 1937 1703 2167 1785; x_wconf 80' lang='lat' dir='ltr'><strong>modo</strong></span> <span class='ocrx_word' id='word_1_46' title='bbox 2198 1706 2339 1779; x_wconf 88' lang='lat' dir='ltr'><strong>tuis</strong></span> <span class='ocrx_word' id='word_1_47' title='bbox 2440 1802 2445 1808; x_wconf 12' lang='grc' dir='ltr'>ἢ</span> 
     </span>
    </p>
   </div>
   <div class='ocr_carea' id='block_1_7' title="bbox 349 1838 2338 1940">
    <p class='ocr_par' dir='ltr' id='par_1_7' title="bbox 349 1838 2338 1940">
     <span class='ocr_line' id='line_1_11' title="bbox 349 1838 2338 1940; baseline 0.001 -27"><span class='ocrx_word' id='word_1_48' title='bbox 349 1840 744 1916; x_wconf 85' lang='lat' dir='ltr'><strong>novissimis</strong></span> <span class='ocrx_word' id='word_1_49' title='bbox 790 1839 1286 1914; x_wconf 81' lang='lat' dir='ltr'><strong>eruditissimis</strong></span> <span class='ocrx_word' id='word_1_50' title='bbox 1333 1840 1591 1912; x_wconf 85' lang='lat' dir='ltr'><strong>litteris</strong></span> <span class='ocrx_word' id='word_1_51' title='bbox 1641 1838 1920 1938; x_wconf 89' lang='lat' dir='ltr'><strong>aliquid</strong></span> <span class='ocrx_word' id='word_1_52' title='bbox 1971 1866 2338 1940; x_wconf 84' lang='lat' dir='ltr'><strong>reponere,</strong></span> 
     </span>
    </p>
   </div>
   <div class='ocr_carea' id='block_1_8' title="bbox 346 1974 2338 2210">
    <p class='ocr_par' dir='ltr' id='par_1_8' title="bbox 346 1974 2338 2210">
     <span class='ocr_line' id='line_1_12' title="bbox 346 1974 2338 2076; baseline 0.001 -28"><span class='ocrx_word' id='word_1_53' title='bbox 346 1974 476 2049; x_wconf 88' lang='lat' dir='ltr'><strong>sed</strong></span> <span class='ocrx_word' id='word_1_54' title='bbox 515 1996 586 2049; x_wconf 90' lang='lat' dir='ltr'><strong>et</strong></span> <span class='ocrx_word' id='word_1_55' title='bbox 627 1976 908 2050; x_wconf 84' lang='lat' dir='ltr'><strong>mittere</strong></span> <span class='ocrx_word' id='word_1_56' title='bbox 944 1975 1117 2048; x_wconf 89' lang='lat' dir='ltr'><strong>folia</strong></span> <span class='ocrx_word' id='word_1_57' title='bbox 1160 1997 1442 2047; x_wconf 87' lang='lat' dir='ltr'><strong>tuarum</strong></span> <span class='ocrx_word' id='word_1_58' title='bbox 1486 1974 2026 2049; x_wconf 86' lang='lat' dir='ltr'><strong>annotationum</strong></span> <span class='ocrx_word' id='word_1_59' title='bbox 2057 1974 2133 2046; x_wconf 90' lang='lat' dir='ltr'><strong>in</strong></span> <span class='ocrx_word' id='word_1_60' title='bbox 2166 1976 2338 2076; x_wconf 86' lang='lat' dir='ltr'><strong>Epi-</strong></span> 
     </span>
     <span class='ocr_line' id='line_1_13' title="bbox 346 2107 2337 2210; baseline -0.001 -26"><span class='ocrx_word' id='word_1_61' title='bbox 346 2131 726 2210; x_wconf 83' lang='lat' dir='ltr'><strong>grammata</strong></span> <span class='ocrx_word' id='word_1_62' title='bbox 798 2132 873 2184; x_wconf 87' lang='lat' dir='ltr'><strong>et</strong></span> <span class='ocrx_word' id='word_1_63' title='bbox 927 2110 1347 2210; x_wconf 79' lang='lat' dir='ltr'><strong>Fragmenta</strong></span> <span class='ocrx_word' id='word_1_64' title='bbox 1428 2107 1877 2207; x_wconf 74' lang='lat' dir='ltr'><strong>Callimachi,</strong></span> <span class='ocrx_word' id='word_1_65' title='bbox 1958 2135 2138 2209; x_wconf 85' lang='lat' dir='ltr'><strong>quae</strong></span> <span class='ocrx_word' id='word_1_66' title='bbox 2204 2110 2337 2183; x_wconf 90' lang='lat' dir='ltr'><strong>du-</strong></span> 
     </span>
    </p>
   </div>
   <div class='ocr_carea' id='block_1_9' title="bbox 350 2244 2372 2346">
    <p class='ocr_par' dir='ltr' id='par_1_9' title="bbox 350 2244 2372 2346">
     <span class='ocr_line' id='line_1_14' title="bbox 350 2244 2372 2346; baseline 0.002 -29"><span class='ocrx_word' id='word_1_67' title='bbox 350 2245 526 2318; x_wconf 91' lang='lat' dir='ltr'><strong>dum</strong></span> <span class='ocrx_word' id='word_1_68' title='bbox 563 2246 749 2346; x_wconf 85' lang='lat' dir='ltr'><strong>typis</strong></span> <span class='ocrx_word' id='word_1_69' title='bbox 793 2267 962 2320; x_wconf 87' lang='lat' dir='ltr'><strong>sunt</strong></span> <span class='ocrx_word' id='word_1_70' title='bbox 1005 2245 1392 2345; x_wconf 84' lang='lat' dir='ltr'><strong>descripta,</strong></span> <span class='ocrx_word' id='word_1_71' title='bbox 1444 2244 1578 2318; x_wconf 83' lang='lat' dir='ltr'><strong>etsi</strong></span> <span class='ocrx_word' id='word_1_72' title='bbox 1619 2244 1694 2317; x_wconf 92' lang='lat' dir='ltr'><strong>in</strong></span> <span class='ocrx_word' id='word_1_73' title='bbox 1743 2245 1899 2317; x_wconf 84' lang='lat' dir='ltr'><strong>aliis</strong></span> <span class='ocrx_word' id='word_1_74' title='bbox 1938 2268 2093 2321; x_wconf 83' lang='lat' dir='ltr'><strong>non</strong></span> <span class='ocrx_word' id='word_1_75' title='bbox 2134 2246 2372 2322; x_wconf 60' lang='lat' dir='ltr'><strong>nulla*</strong></span> 
     </span>
    </p>
   </div>
   <div class='ocr_carea' id='block_1_10' title="bbox 239 2378 2334 4237">
    <p class='ocr_par' dir='ltr' id='par_1_10' title="bbox 239 2378 2334 4237">
     <span class='ocr_line' id='line_1_15' title="bbox 346 2378 2334 2481; baseline 0.003 -26"><span class='ocrx_word' id='word_1_76' title='bbox 346 2379 862 2455; x_wconf 73' lang='lat' dir='ltr'><strong>desiderentur.</strong></span> <span class='ocrx_word' id='word_1_77' title='bbox 968 2378 1119 2453; x_wconf 89' lang='lat' dir='ltr'><strong>Sed</strong></span> <span class='ocrx_word' id='word_1_78' title='bbox 1160 2408 1291 2453; x_wconf 90' lang='lat' dir='ltr'><strong>nec</strong></span> <span class='ocrx_word' id='word_1_79' title='bbox 1338 2381 1555 2481; x_wconf 85' lang='lat' dir='ltr'><strong>opina</strong></span> <span class='ocrx_word' id='word_1_80' title='bbox 1609 2380 2003 2455; x_wconf 68' lang='lat' dir='ltr'><strong>anticorum</strong></span> <span class='ocrx_word' id='word_1_81' title='bbox 2062 2404 2334 2460; x_wconf 82' lang='lat' dir='ltr'><strong>extero-</strong></span> 
     </span>
     <span class='ocr_line' id='line_1_16' title="bbox 347 2511 2333 2615; baseline 0.003 -26"><span class='ocrx_word' id='word_1_82' title='bbox 347 2543 510 2589; x_wconf 90' lang='lat' dir='ltr'><strong>rum</strong></span> <span class='ocrx_word' id='word_1_83' title='bbox 550 2515 791 2608; x_wconf 86' lang='lat' dir='ltr'><strong>turba,</strong></span> <span class='ocrx_word' id='word_1_84' title='bbox 850 2539 1017 2584; x_wconf 87' lang='lat' dir='ltr'><strong>cum</strong></span> <span class='ocrx_word' id='word_1_85' title='bbox 1044 2518 1185 2609; x_wconf 89' lang='lat' dir='ltr'><strong>jam</strong></span> <span class='ocrx_word' id='word_1_86' title='bbox 1228 2541 1344 2588; x_wconf 88' lang='lat' dir='ltr'><strong>me</strong></span> <span class='ocrx_word' id='word_1_87' title='bbox 1388 2515 1762 2615; x_wconf 80' lang='lat' dir='ltr'><strong>scriptioni</strong></span> <span class='ocrx_word' id='word_1_88' title='bbox 1801 2537 1872 2593; x_wconf 83' lang='lat' dir='ltr'><strong>ct</strong></span> <span class='ocrx_word' id='word_1_89' title='bbox 1899 2511 2011 2590; x_wconf 90' lang='lat' dir='ltr'><strong>illi</strong></span> <span class='ocrx_word' id='word_1_90' title='bbox 2039 2515 2230 2591; x_wconf 82' lang='lat' dir='ltr'><strong>Catti</strong></span> <span class='ocrx_word' id='word_1_91' title='bbox 2257 2544 2333 2594; x_wconf 79' lang='lat' dir='ltr'><strong>se</strong></span> 
     </span>
     <span class='ocr_line' id='line_1_17' title="bbox 343 2646 2333 2748; baseline 0.002 -21"><span class='ocrx_word' id='word_1_92' title='bbox 343 2650 584 2727; x_wconf 86' lang='lat' dir='ltr'><strong>itineri</strong></span> <span class='ocrx_word' id='word_1_93' title='bbox 640 2646 1151 2748; x_wconf 78' lang='lat' dir='ltr'><strong>accinxissent‚</strong></span> <span class='ocrx_word' id='word_1_94' title='bbox 1219 2649 1663 2745; x_wconf 84' lang='lat' dir='ltr'><strong>supervenit,</strong></span> <span class='ocrx_word' id='word_1_95' title='bbox 1742 2657 1813 2724; x_wconf 80' lang='lat' dir='ltr'><strong>e&#39;t</strong></span> <span class='ocrx_word' id='word_1_96' title='bbox 1866 2676 1984 2724; x_wconf 84' lang='lat' dir='ltr'><strong>me</strong></span> <span class='ocrx_word' id='word_1_97' title='bbox 2048 2653 2135 2724; x_wconf 88' lang='lat' dir='ltr'><strong>ab</strong></span> <span class='ocrx_word' id='word_1_98' title='bbox 2185 2651 2333 2732; x_wconf 69' lang='lat' dir='ltr'><strong>hoca</strong></span> 
     </span>
     <span class='ocr_line' id='line_1_18' title="bbox 346 2781 2329 2894; baseline 0.004 -38"><span class='ocrx_word' id='word_1_99' title='bbox 346 2781 648 2859; x_wconf 83' lang='lat' dir='ltr'><strong>consilio</strong></span> <span class='ocrx_word' id='word_1_100' title='bbox 695 2809 1046 2883; x_wconf 85' lang='lat' dir='ltr'><strong>perquam</strong></span> <span class='ocrx_word' id='word_1_101' title='bbox 1090 2782 1389 2859; x_wconf 85' lang='lat' dir='ltr'><strong>invitum</strong></span> <span class='ocrx_word' id='word_1_102' title='bbox 1432 2806 1695 2864; x_wconf 76' lang='lat' dir='ltr'><strong>avocat.</strong></span> <span class='ocrx_word' id='word_1_103' title='bbox 1806 2784 2329 2894; x_wconf 76' lang='lat' dir='ltr'><strong>Typographus</strong></span> 
     </span>
     <span class='ocr_line' id='line_1_19' title="bbox 283 2893 2330 3029; baseline 0.003 -37"><span class='ocrx_word' id='word_1_104' title='bbox 283 2995 286 2998; x_wconf 65' lang='grc'><em>,</em></span> <span class='ocrx_word' id='word_1_105' title='bbox 346 2940 555 3018; x_wconf 84' lang='lat' dir='ltr'><strong>negat</strong></span> <span class='ocrx_word' id='word_1_106' title='bbox 605 2946 678 3029; x_wconf 82' lang='lat' dir='ltr'><strong>se</strong></span> <span class='ocrx_word' id='word_1_107' title='bbox 727 2918 903 2991; x_wconf 86' lang='lat' dir='ltr'><strong>folia</strong></span> <span class='ocrx_word' id='word_1_108' title='bbox 946 2918 1135 2992; x_wconf 88' lang='lat' dir='ltr'><strong>edita</strong></span> <span class='ocrx_word' id='word_1_109' title='bbox 1173 2917 1397 2994; x_wconf 85' lang='lat' dir='ltr'><strong>hodie</strong></span> <span class='ocrx_word' id='word_1_110' title='bbox 1438 2943 1644 3019; x_wconf 86' lang='lat' dir='ltr'><strong>posse</strong></span> <span class='ocrx_word' id='word_1_111' title='bbox 1676 2893 2035 3020; x_wconf 78' lang='lat' dir='ltr'><strong>¹colligere.</strong></span> <span class='ocrx_word' id='word_1_112' title='bbox 2122 2922 2330 2998; x_wconf 83' lang='lat' dir='ltr'><strong>Hanc</strong></span> 
     </span>
     <span class='ocr_line' id='line_1_20' title="bbox 239 3055 2330 3155; baseline 0.003 -27"><span class='ocrx_word' id='word_1_113' title='bbox 239 3091 246 3100; x_wconf 92' lang='lat'><em>·</em></span> <span class='ocrx_word' id='word_1_114' title='bbox 343 3073 578 3128; x_wconf 79' lang='lat' dir='ltr'><strong>tamen</strong></span> <span class='ocrx_word' id='word_1_115' title='bbox 626 3055 1081 3152; x_wconf 83' lang='lat' dir='ltr'><strong>librariorum</strong></span> <span class='ocrx_word' id='word_1_116' title='bbox 1122 3055 1685 3155; x_wconf 85' lang='lat' dir='ltr'><strong>intempestivam</strong></span> <span class='ocrx_word' id='word_1_117' title='bbox 1726 3057 2001 3132; x_wconf 82' lang='lat' dir='ltr'><strong>m&#39;oram</strong></span> <span class='ocrx_word' id='word_1_118' title='bbox 2052 3059 2330 3136; x_wconf 83' lang='lat' dir='ltr'><strong>correxi</strong></span> 
     </span>
     <span class='ocr_line' id='line_1_21' title="bbox 344 3187 2334 3292; baseline 0.004 -29"><span class='ocrx_word' id='word_1_119' title='bbox 344 3190 599 3264; x_wconf 85' lang='lat' dir='ltr'><strong>excisis</strong></span> <span class='ocrx_word' id='word_1_120' title='bbox 642 3189 903 3265; x_wconf 84' lang='lat' dir='ltr'><strong>chartis</strong></span> <span class='ocrx_word' id='word_1_121' title='bbox 952 3218 1033 3266; x_wconf 86' lang='lat' dir='ltr'><strong>ex</strong></span> <span class='ocrx_word' id='word_1_122' title='bbox 1085 3219 1246 3266; x_wconf 88' lang='lat' dir='ltr'><strong>meo</strong></span> <span class='ocrx_word' id='word_1_123' title='bbox 1289 3192 1500 3266; x_wconf 88' lang='lat' dir='ltr'><strong>libro.</strong></span> <span class='ocrx_word' id='word_1_124' title='bbox 1595 3187 1731 3264; x_wconf 86' lang='lat' dir='ltr'><strong>Eas</strong></span> <span class='ocrx_word' id='word_1_125' title='bbox 1781 3191 1916 3266; x_wconf 86' lang='lat' dir='ltr'><strong>tibi</strong></span> <span class='ocrx_word' id='word_1_126' title='bbox 1965 3191 2047 3267; x_wconf 89' lang='lat' dir='ltr'><strong>hi</strong></span> <span class='ocrx_word' id='word_1_127' title='bbox 2098 3196 2334 3292; x_wconf 72' lang='lat' dir='ltr'><strong>ferent</strong></span> 
     </span>
     <span class='ocr_line' id='line_1_22' title="bbox 342 3321 2332 3427; baseline 0.004 -27"><span class='ocrx_word' id='word_1_128' title='bbox 342 3326 609 3427; x_wconf 81' lang='lat' dir='ltr'><strong>egregii</strong></span> <span class='ocrx_word' id='word_1_129' title='bbox 646 3333 986 3426; x_wconf 80' lang='lat' dir='ltr'><strong>juveneS,</strong></span> <span class='ocrx_word' id='word_1_130' title='bbox 1012 3322 1193 3426; x_wconf 84' lang='lat' dir='ltr'><strong>quos</strong></span> <span class='ocrx_word' id='word_1_131' title='bbox 1229 3321 1345 3421; x_wconf 87' lang='lat' dir='ltr'><strong>ut,</strong></span> <span class='ocrx_word' id='word_1_132' title='bbox 1398 3354 1540 3426; x_wconf 83' lang='lat' dir='ltr'><strong>qua</strong></span> <span class='ocrx_word' id='word_1_133' title='bbox 1579 3354 1653 3400; x_wconf 88' lang='lat' dir='ltr'><strong>es</strong></span> <span class='ocrx_word' id='word_1_134' title='bbox 1702 3328 2161 3423; x_wconf 85' lang='lat' dir='ltr'><strong>humanitate,</strong></span> <span class='ocrx_word' id='word_1_135' title='bbox 2209 3358 2332 3407; x_wconf 84' lang='lat' dir='ltr'><strong>co-</strong></span> 
     </span>
     <span class='ocr_line' id='line_1_23' title="bbox 340 3461 2332 3567; baseline 0.004 -32"><span class='ocrx_word' id='word_1_136' title='bbox 340 3462 554 3536; x_wconf 84' lang='lat' dir='ltr'><strong>miter</strong></span> <span class='ocrx_word' id='word_1_137' title='bbox 599 3462 905 3563; x_wconf 85' lang='lat' dir='ltr'><strong>accipias</strong></span> <span class='ocrx_word' id='word_1_138' title='bbox 954 3490 1148 3564; x_wconf 85' lang='lat' dir='ltr'><strong>rogo.</strong></span> <span class='ocrx_word' id='word_1_139' title='bbox 1253 3463 1520 3563; x_wconf 85' lang='lat' dir='ltr'><strong>Magno</strong></span> <span class='ocrx_word' id='word_1_140' title='bbox 1560 3462 1697 3567; x_wconf 78' lang='lat' dir='ltr'><strong>sibi</strong></span> <span class='ocrx_word' id='word_1_141' title='bbox 1745 3461 2012 3539; x_wconf 86' lang='lat' dir='ltr'><strong>honori</strong></span> <span class='ocrx_word' id='word_1_142' title='bbox 2067 3463 2332 3542; x_wconf 87' lang='lat' dir='ltr'><strong>ducent</strong></span> 
     </span>
     <span class='ocr_line' id='line_1_24' title="bbox 337 3597 2330 3700; baseline 0.002 -31"><span class='ocrx_word' id='word_1_143' title='bbox 337 3617 410 3671; x_wconf 85' lang='lat' dir='ltr'><strong>te</strong></span> <span class='ocrx_word' id='word_1_144' title='bbox 453 3617 725 3671; x_wconf 88' lang='lat' dir='ltr'><strong>tantum</strong></span> <span class='ocrx_word' id='word_1_145' title='bbox 773 3599 1004 3681; x_wconf 77' lang='lat' dir='ltr'><strong>virum</strong></span> <span class='ocrx_word' id='word_1_146' title='bbox 1052 3599 1334 3676; x_wconf 75' lang='lat' dir='ltr'><strong>vidisse,</strong></span> <span class='ocrx_word' id='word_1_147' title='bbox 1458 3597 1706 3686; x_wconf 86' lang='lat' dir='ltr'><strong>Brevi,</strong></span> <span class='ocrx_word' id='word_1_148' title='bbox 1764 3598 1911 3674; x_wconf 86' lang='lat' dir='ltr'><strong>hoc</strong></span> <span class='ocrx_word' id='word_1_149' title='bbox 1956 3622 2099 3695; x_wconf 86' lang='lat' dir='ltr'><strong>est,</strong></span> <span class='ocrx_word' id='word_1_150' title='bbox 2156 3627 2330 3700; x_wconf 86' lang='lat' dir='ltr'><strong>pau·</strong></span> 
     </span>
     <span class='ocr_line' id='line_1_25' title="bbox 338 3726 2331 3830; baseline 0.002 -25"><span class='ocrx_word' id='word_1_151' title='bbox 338 3758 463 3805; x_wconf 90' lang='lat' dir='ltr'><strong>cos</strong></span> <span class='ocrx_word' id='word_1_152' title='bbox 505 3733 689 3808; x_wconf 86' lang='lat' dir='ltr'><strong>intra</strong></span> <span class='ocrx_word' id='word_1_153' title='bbox 733 3726 929 3830; x_wconf 84' lang='lat' dir='ltr'><strong>dies,</strong></span> <span class='ocrx_word' id='word_1_154' title='bbox 996 3733 1295 3807; x_wconf 85' lang='lat' dir='ltr'><strong>habebis</strong></span> <span class='ocrx_word' id='word_1_155' title='bbox 1345 3754 1572 3809; x_wconf 88' lang='lat' dir='ltr'><strong>totum</strong></span> <span class='ocrx_word' id='word_1_156' title='bbox 1617 3731 2191 3829; x_wconf 84' lang='lat' dir='ltr'><strong>Callimachum,-</strong></span> <span class='ocrx_word' id='word_1_157' title='bbox 2232 3754 2331 3830; x_wconf 76' lang='lat' dir='ltr'><strong>et,</strong></span> 
     </span>
     <span class='ocr_line' id='line_1_26' title="bbox 341 3838 2329 3969; baseline -0.002 -30"><span class='ocrx_word' id='word_1_158' title='bbox 341 3866 544 3966; x_wconf 87' lang='lat' dir='ltr'><strong>quod</strong></span> <span class='ocrx_word' id='word_1_159' title='bbox 590 3874 729 3964; x_wconf 85' lang='lat' dir='ltr'><strong>jam</strong></span> <span class='ocrx_word' id='word_1_160' title='bbox 756 3867 1238 3957; x_wconf 26' lang='lat' dir='ltr'><strong>*adm-naham,</strong></span> <span class='ocrx_word' id='word_1_161' title='bbox 1261 3911 1266 3914; x_wconf 32' lang='grc' dir='ltr'><em>ν</em></span> <span class='ocrx_word' id='word_1_162' title='bbox 1292 3838 1748 3969; x_wconf 73' lang='lat' dir='ltr'><strong>responsum.··</strong></span> <span class='ocrx_word' id='word_1_163' title='bbox 1839 3869 2118 3950; x_wconf 85' lang='lat' dir='ltr'><strong>Interea</strong></span> <span class='ocrx_word' id='word_1_164' title='bbox 2160 3895 2329 3966; x_wconf 69' lang='lat' dir='ltr'><strong>gatu-</strong></span> 
     </span>
     <span class='ocr_line' id='line_1_27' title="bbox 338 3998 2329 4109; baseline 0 -37"><span class='ocrx_word' id='word_1_165' title='bbox 338 3998 479 4075; x_wconf 85' lang='lat' dir='ltr'><strong>deo</strong></span> <span class='ocrx_word' id='word_1_166' title='bbox 525 4024 729 4075; x_wconf 83' lang='lat' dir='ltr'><strong>tuum</strong></span> <span class='ocrx_word' id='word_1_167' title='bbox 787 4002 1234 4105; x_wconf 87' lang='lat' dir='ltr'><strong>Hesychium</strong></span> <span class='ocrx_word' id='word_1_168' title='bbox 1285 4025 1354 4075; x_wconf 86' lang='lat' dir='ltr'><strong>tc</strong></span> <span class='ocrx_word' id='word_1_169' title='bbox 1406 4003 1672 4102; x_wconf 83' lang='lat' dir='ltr'><strong>proelis</strong></span> <span class='ocrx_word' id='word_1_170' title='bbox 1728 3999 2329 4109; x_wconf 65' lang='lat' dir='ltr'><strong>cantabrigiensi-</strong></span> 
     </span>
     <span class='ocr_line' id='line_1_28' title="bbox 337 4122 2328 4237; baseline 0.005 -31"><span class='ocrx_word' id='word_1_171' title='bbox 337 4134 475 4207; x_wconf 86' lang='lat' dir='ltr'><strong>bus</strong></span> <span class='ocrx_word' id='word_1_172' title='bbox 503 4122 1073 4212; x_wconf 84' lang='lat' dir='ltr'><strong>commissurum.</strong></span> <span class='ocrx_word' id='word_1_173' title='bbox 1154 4133 1408 4234; x_wconf 46' lang='lat' dir='ltr'><strong>&#39;255⁶sp</strong></span> <span class='ocrx_word' id='word_1_174' title='bbox 1450 4128 1510 4212; x_wconf 60' lang='lat' dir='ltr'><strong>c}</strong></span> <span class='ocrx_word' id='word_1_175' title='bbox 1552 4138 1730 4237; x_wconf 74' lang='grc' dir='ltr'><em>φίλε</em></span> <span class='ocrx_word' id='word_1_176' title='bbox 1769 4135 1951 4232; x_wconf 74' lang='grc' dir='ltr'><em>ἥλιε.</em></span> <span class='ocrx_word' id='word_1_177' title='bbox 2057 4133 2205 4210; x_wconf 89' lang='lat' dir='ltr'><strong>Sed</strong></span> <span class='ocrx_word' id='word_1_178' title='bbox 2234 4133 2328 4220; x_wconf 71' lang='lat' dir='ltr'><strong>de</strong></span> 
     </span>
    </p>
   </div>
   <div class='ocr_carea' id='block_1_11' title="bbox 2360 3600 2452 3691">
    <p class='ocr_par' dir='ltr' id='par_1_11' title="bbox 2360 3600 2452 3691">
     <span class='ocr_line' id='line_1_29' title="bbox 2360 3600 2452 3691; baseline 0 -22"><span class='ocrx_word' id='word_1_179' title='bbox 2360 3600 2452 3691; x_wconf 84' lang='lat'><strong>76</strong></span> 
     </span>
    </p>
   </div>
  </div>
 </body>
</html>
