2890 4778
2235 385 2336 461 93

497 550 697 621 ,Versu
738 554 840 615 35.
866 537 978 615 'ita
1015 555 1313 635 scriptum
1356 555 1668 619 videmus&

583 655 760 737 quod
796 659 856 717 εἰ
891 660 1182 737 personia
1218 655 1413 717 isdem
1457 663 1559 720 uti
1593 658 1745 719 aliie
1784 677 1912 719 non
1949 657 2117 741 lieet,

583 762 696 840 qui
740 763 940 841 magis
977 761 1124 821 licet
1166 765 1481 821 currentis
1518 782 1729 823 servos
1767 759 2048 841 seribere,

583 861 776 920 bonas
820 876 1131 922 matronas
1157 866 1380 943 facere
1393 908 1415 938 ‚
1456 869 1805 928 meretrices
1845 867 2069 941 malas,

572 966 935 1043 parasitum
973 964 1259 1037 edacem,
1309 966 1647 1046 gloriosum
1684 971 1966 1049 militem,

577 1087 848 1145 puerum
884 1071 1150 1146 supponi
1164 1111 1182 1143 ,
1213 1067 1380 1148 falli
1406 1090 1799 1147 per1servom
1836 1082 2069 1145 semem*

582 1189 799 1229 amare
820 1209 842 1242 ,
883 1168 1081 1228 odisse
1094 1208 1120 1237 ,
1150 1172 1485 1248 ..suspicari
1500 1172 1534 1230 Ρ

326 1271 403 1333 In
456 1272 694 1352 optimo
746 1273 906 1336 libro
957 1271 1258 1333 Bembino
1312 1272 1503 1352 primi
1553 1274 1675 1336 duo
1727 1295 1939 1336 versus
1980 1276 2071 1337 ita
2109 1272 2326 1359 scripti

328 1384 504 1435 sunt:

582 1475 746 1559 quod
781 1481 840 1538 εἰ
874 1477 1158 1559 personis
1198 1475 1418 1536 iisdem
1462 1475 1615 1537 huie
1654 1481 1753 1538 uti
1792 1500 1915 1540 non
1958 1478 2127 1549 licet,

582 1586 693 1662 qui
732 1585 936 1661 magis
974 1581 1119 1641 lieet
1160 1591 1509 1639 currentem
1550 1600 1794 1639 servum
1828 1580 2113 1654 seribere.

324 1681 594 1744 faernus
611 1729 629 1761 ,
684 1684 849 1764 quod
890 1686 959 1743 in
1000 1686 1341 1764 posteriore
1385 1702 1572 1744 versu
1617 1690 1738 1758 est,
1808 1694 2148 1741 currentem
2184 1687 2322 1742 ser-³.

324 1808 473 1846 vum
487 1829 511 1859 ,
590 1796 947 1865 argumento
1001 1786 1184 1848 valde
1226 1785 1479 1846 infirmo
1525 1783 1970 1864 amplectiturz.
2020 1796 2091 1843 ut
2129 1781 2318 1844 facile

323 1890 727 1950 assentiamur
779 1888 1061 1950 Bentleio
1080 1932 1100 1964 ‚
1169 1887 1479 1968 pluralem
1534 1907 1615 1948 ex
1672 1886 1932 1946 caeteris
1986 1886 2198 1963 libris,
2245 1893 2320 1944 ut

324 1975 823 2062 eoncinniorem,
865 1992 1168 2066 servanti,
1228 1991 1379 2051 licet
1418 2010 1549 2048 non
1589 1992 1676 2052 ita
1715 2008 1857 2049 eum
1901 1995 2214 2064 tueamur,
2249 1995 2323 2047 ut

319 2115 453 2154 non
514 2095 698 2153 etiam
754 2093 1130 2169 singularem
1185 2091 1299 2150 illa
1357 2093 1409 2149 si
1473 2111 1604 2150 non
1661 2100 1834 2171 grata
1896 2096 1961 2147 at
2017 2097 2179 2156 certe
2236 2108 2322 2151 ne

320 2197 564 2273 ingrata
608 2194 859 2272 quidem
901 2194 1158 2252 licentia
1198 2185 1450 2252 defendi
1490 2203 1669 2272 posse
1709 2192 2145 2266 existimemus.
2248 2188 2327 2250 Iu'

320 2296 528 2376 priore
572 2304 778 2352 autem
818 2314 1001 2354 versu
1044 2292 1347 2372 Faernus,
1423 2304 1563 2354 utra
1610 2294 1836 2355 melior
1890 2294 2077 2353 lectio
2144 2302 2325 2369 esset,'

319 2418 451 2458 non
493 2397 759 2457 audebat
800 2404 1085 2457 statuere.
1170 2383 1490 2457 Bentleius
1529 2419 1679 2460 vero
1696 2444 1713 2475 ,
1751 2398 1962 2478 „atqui
1976 2399 2039 2473 ‚“
2094 2397 2324 2477 inquit.

319 2500 546 2576 „facile
586 2508 748 2574 erat,
822 2508 959 2558 utra
1000 2498 1225 2559 melior
1270 2511 1462 2579 esset,
1537 2511 1818 2562 statuere.
1890 2499 2099 2569 ‚Recte
2141 2495 2318 2574 alii-5²,

2293 884 2463 934 ὨΟ

318 2604 503 2683 „quia
539 2602 721 2663 multi
763 2609 894 2661 tum
933 2622 1059 2660 una
1098 2600 1405 2663 florebant
1443 2613 1693 2682 poetae:
1747 2623 1878 2662 non
1917 2603 2098 2678 huic,
2140 2601 2318 2682 quasi
2367 2605 2377 2621 ⁸

319 2705 464 2782 „hic
507 2704 675 2764 solus
716 2713 849 2762 tum
893 2704 1248 2766 scriberet.“
1333 2702 1452 2763 Hie
1491 2706 1694 2784 primo
1733 2706 1941 2785 ipsum
1980 2724 2322 2785 argumen-‚

282 2810 287 2815 ’
318 2817 453 2866 tum
492 2806 947 2885 vituperamus,
1027 2806 1169 2885 quia
1212 2807 1418 2868 debile
1460 2817 1587 2885 est;
1648 2806 1904 2882 deinde,
1962 2807 2128 2886 quod
2166 2825 2314 2865 usus

317 2918 412 2969 est
449 2929 522 2969 eo
562 2917 954 2988 argumento,
1024 2928 1212 2986 quum
1251 2909 1424 2969 aliud
1470 2909 1709 2969 adesset
1751 2908 1986 2967 melius.
2068 2908 2158 2966 Ac
2195 2906 2317 2967 de..

317 3011 444 3072 bile
490 3019 617 3086 est,
706 3011 849 3089 quia
892 3011 998 3090 qui
1040 3010 1118 3071 de
1155 3031 1283 3071 uno
1310 3011 1636 3091 loquitur,
1701 3010 1809 3070 ubi
1850 3030 1979 3069 non
2020 3020 2175 3089 opus
2217 3018 2313 3070 est

317 3113 397 3173 de
428 3112 720 3173 aliis'dici
736 3155 755 3187 ‚
779 3133 928 3172 non
971 3114 1250 3175 excludit
1290 3122 1411 3174 eos.
1497 3114 1686 3194 Atqui
1714 3112 2050 3174 Terentius
2085 3131 2312 3192 repre-2

313 3214 543 3275 hensus
581 3216 818 3291 fuerat,
858 3236 989 3275 non
1028 3217 1204 3275 alius.
1286 3216 1493 3297 Itaque
1536 3217 1751 3296 quidni
1787 3217 2153 3294 interroget,
2194 3234 2308 3274 eur

311 3318 437 3378 sibi
490 3318 557 3378 id
614 3320 747 3377 'non
799 3317 1024 3381 liceat?
1127 3296 1252 3378 Sed
1293 3320 1554 3380 meliore
1590 3318 1903 3381 Bentleius
1943 3325 2305 3396 argumento

310 3421 408 3481 uti
477 3429 740 3500 poterat.
841 3419 1002 3480 Nam
1072 3429 1374 3502 repugnat
1440 3421 1896 3502 quodammode
1969 3422 2091 3485 hoc
2155 3444 2309 3504 pro-

307 3542 542 3583 nomen
599 3522 752 3581 huic
806 3522 1234 3602 sequentibus,
1303 3545 1464 3604 quae
1528 3545 1716 3605 quum
1766 3533 1979 3606 aperte
2037 3546 2170 3586 non
2221 3527 2310 3587 de'

311 3640 436 3681 uno
480 3626 632 3701 sint,
685 3625 796 3686 sed
835 3627 913 3686 de
956 3626 1242 3688 omnibus
1278 3627 1714 3711 intelligenda,
1765 3629 2139 3710 pronomine
2180 3628 2304 3687 isto

205 3754 215 3761 ·
310 3724 543 3800 posito,
625 3727 704 3788 ad
742 3726 912 3788 hune
952 3749 1150 3791 unum
1192 3729 1521 3795 referenda
1560 3731 1968 3808 videbuntur:
2053 3748 2137 3790 ex
2179 3748 2304 3807 quo

309 3821 465 3883 haec
502 3839 786 3888 nascetur
825 3833 1166 3897 sententia:
1246 3834 1300 3893 si
1342 3832 1490 3895 huic
1531 3853 1661 3895 non
1700 3834 1849 3894 licet
1890 3832 2114 3893 iisdem
2150 3850 2303 3911 per·-

310 3925 483 3986 sonis
526 3926 652 4002 uti,
704 3933 810 4010 qui
849 3935 1041 4014 magis
1088 3936 1148 3996 ei
1186 3936 1338 3995 licet
1373 3945 1691 3996 currentes
1733 3955 1943 3996 servos
1983 3932 2301 3994 seribere?

311 4027 494 4100 Quod
530 4030 815 4109 ineptum
853 4053 981 4121 esse
1015 4045 1301 4116 apparet,
1335 4038 1482 4119 quia
1497 4082 1517 4113 ,
1556 4037 1708 4118 quid
1744 4036 1866 4099 sibi
1901 4035 2121 4111 liceat,
2163 4042 2300 4095 non

309 4151 422 4193 suo
476 4131 694 4211 debet,
787 4135 897 4198 sed
952 4138 1218 4202 aliorum
1270 4140 1551 4204 omnium
1603 4139 1892 4221 exemplo
1950 4136 2299 4219 estendereg'
