2890 4778
620 367 711 435 78

606 542 929 606 'Bentleius
945 585 964 619 ,
1003 552 1211 603 tamen
1250 559 1431 623 saepe
1450 585 1469 619 ,
1520 540 1878 603 fervidioris
1916 547 2172 598 naturae
2210 537 2474 617 impetu
2530 536 2669 597 ab·
2702 608 2714 624 ·

608 654 855 726 ¹reptas,
928 645 1077 705 dum
1118 646 1432 725 explicare
1480 664 1619 704 eum
1658 643 1766 703 vel
1808 642 2146 721 negligebat
2162 683 2196 715 ,‚
2239 640 2351 698 vel
2397 640 2492 699 ob
2544 641 2662 699 rei

615 748 1034 809 difficultatem
1074 747 1452 826 defugiebat,
1489 745 1557 803 in
1595 745 1674 804 iis
1708 743 2118 815 retinebatur,
2159 761 2315 821 quae
2358 740 2445 800 ad
2492 743 2659 821 pri-

530 882 538 898 =
614 871 787 912 mum
831 851 1185 928 adspectum
1241 868 1367 907 non
1398 847 1573 924 -satis
1631 845 1951 904 commode
2005 846 2167 904 dicta
2218 843 2649 918 videbantur,

568 1003 579 1010 ,
620 974 812 1033 eaque
866 964 991 1012 tam
1051 949 1272 1029 cupide
1329 947 1728 1023 emendabat,
1805 958 1875 1005 ut
1914 948 2040 1007 suis
2082 948 2213 1025 ipse
2253 946 2646 1026 disputandi

621 1054 898 1115 artificiis
954 1063 1202 1130 captus,
1270 1071 1397 1109 non
1449 1051 1693 1110 videret
1747 1050 1888 1124 illa,
1965 1070 2045 1108 ex
2097 1050 2315 1128 quibus
2374 1049 2644 1107 nullam

623 1179 752 1219 esse
811 1153 1182 1215 emendandi
1237 1154 1659 1213 necessitatem
1715 1153 2066 1230 intelligere
2122 1151 2435 1229 potuisset.
2528 1150 2635 1208 Ita.

614 1261 849 1322 factum
882 1266 1003 1331 est,
1046 1265 1115 1314 ut
1154 1256 1260 1316 hic
1300 1266 1425 1314 tam
1470 1257 1733 1315 eximius
1776 1255 1875 1313 vir
1917 1253 2177 1312 minime
2221 1251 2503 1310 eamdem
2549 1252 2632 1308 in

616 1370 938 1442 poetarum
993 1358 1462 1430 emendatione,
1520 1361 1702 1436 quam
1746 1357 1816 1415 in
1859 1354 2243 1435 explicandis
2287 1354 2471 1413 rebus
2517 1352 2629 1411 hi-

620 1464 863 1523 storicis
921 1461 1168 1520 laudem
1234 1460 1550 1519 meruerit.
1635 1457 2068 1517 Verumtamen
2122 1466 2193 1514 ut
2243 1456 2355 1515 ille
2411 1455 2628 1534 pluri-

542 1563 545 1566 *
614 1586 756 1627 mos
802 1574 1125 1645 poetarum
1171 1564 1371 1636 locos,
1442 1562 1499 1619 si·
1533 1580 1750 1621 verum
1791 1560 1974 1619 fateri
2021 1558 2335 1633 volumus,
2399 1578 2623 1616 corru-

606 1668 799 1747 aperit.
829 1666 1054 1745 magis,
1133 1686 1315 1744 quam
1356 1653 1806 1738 emendarerit,
1875 1672 2084 1722 tamen
2126 1660 2328 1735 ratio,
2385 1681 2506 1739 qua
2545 1661 2619 1717 in

622 1768 719 1832 his
761 1767 1276 1846 disputationibus
1318 1786 1462 1824 usus
1503 1774 1626 1839 est,
1670 1774 1795 1823 tam
1836 1774 1927 1824 est
1968 1764 2232 1843 egregia,
2272 1770 2341 1820 ut
2377 1755 2616 1820 nihilo-

622 1869 831 1930 minus
875 1867 1231 1947 exemplum
1277 1866 1492 1926 haberi
1537 1868 1780 1944 debeat,
1860 1867 2024 1947 quod
2083 1866 2438 1937 imitentur,
2506 1863 2611 1942 qui

625 1969 983 2047 diligenter,
1027 1975 1337 2042 accurate,
1379 1976 1441 2025 et
1480 1969 1798 2047 perspicue
1842 1970 1917 2027 de
1945 1968 2053 2027 -his
2091 1970 2270 2027 rebus
2312 1967 2613 2045 discepta-

624 2091 695 2130 re
734 2071 973 2130 volunt.
1083 2068 1211 2141 Qui
1248 2050 1320 2128 ut
1361 2079 1424 2129 et
1465 2069 1585 2128 hoc
1629 2069 1896 2146 discant,
1970 2082 2032 2130 et
2071 2071 2256 2129 simul
2293 2068 2613 2128 temerita-

620 2182 752 2236 tem
767 2217 787 2250 ,
853 2192 1041 2251 quam
1079 2172 1148 2230 i'n
1189 2170 1468 2231 Bentleio
1511 2173 1693 2231 multi
1731 2182 2057 2248 notarunt,
2134 2172 2446 2231 declinare
2500 2169 2608 2228 ad-

632 2285 941 2351 suescant,
1014 2293 1152 2333 mea
1194 2274 1499 2333 sententia
1542 2275 1700 2334 illud
1738 2276 2121 2355 potissimum
2166 2295 2416 2356 operam
2468 2274 2608 2332 dar‘e

631 2378 888 2453 debent,
929 2387 1000 2437 ut
1037 2376 1144 2436 has
1182 2374 1453 2437 Bentleii
1494 2376 1968 2457 disputationes,
2032 2378 2252 2457 quibus
2293 2379 2405 2437 ille
2447 2377 2606 2436 locos

628 2501 809 2540 sanos
853 2481 1136 2555 vexavit,
1213 2490 1320 2538 aut
1361 2479 1608 2538 affectos
1652 2502 1781 2540 non
1819 2490 1985 2541 recte
2019 2481 2319 2556 restituit,
2381 2479 2600 2553 eadem,

632 2601 752 2660 qua
791 2583 924 2662 ipse
971 2583 1066 2641 uti
1107 2574 1372 2657 solebat,
1432 2582 1754 2662 diligentia
1796 2604 1867 2642 ac
1908 2583 2269 2642 strenuitate
2310 2573 2607 2654 refellant,

624 2702 904 2764 ‚quaeque
944 2683 1224 2761 neglecta
1265 2691 1407 2741 sunt
1453 2686 1525 2743 ab
1570 2705 1675 2759 e0,
1746 2705 1818 2753 ea
1855 2686 1925 2743 in
1972 2686 2109 2744 luce
2148 2685 2483 2760 collocent,
2545 2692 2609 2741 ut
2681 2722 2690 2728 ι

552 2789 587 2850 7
595 2787 598 2791 ’
632 2804 865 2844 errasse
911 2803 1051 2842 eum
1091 2784 1219 2863 jam
1262 2785 1532 2844 dubitari
1571 2787 1833 2865 amplius
1881 2796 2157 2865 nequeat.
2253 2786 2415 2846 Nam
2457 2785 2609 2844 illud

626 2888 882 2972 quidem
935 2885 1327 2951 facillimum,
1358 2896 1477 2963 est,
1557 2909 1737 2951 sensu
1796 2898 2087 2947 monente
2142 2889 2494 2966 improbare
2545 2906 2608 2944 ac

627 2991 890 3072 rejicere
935 2989 1066 3069 ejus
1109 2990 1600 3050 emendationes:
1654 2991 1843 3069 idque
1880 2990 2209 3070 permulti,
2251 2991 2441 3050 immo
2480 2988 2609 3069 ple-

626 3093 806 3172 rique
866 3092 1149 3150 fecerunt
1209 3091 1476 3151 editores
1540 3091 1785 3151 Horatii
1843 3092 1897 3150 Τ
1902 3093 2275 3171 erentiique,
2359 3111 2606 3172 quorum

623 3204 832 3254 tamen
868 3194 1080 3257 nullus
1110 3193 1278 3268 suit,
1353 3195 1461 3273 qui
1505 3194 1848 3274 comparari
1893 3177 2034 3255 cum*
2069 3193 2348 3253 Bentleio
2392 3202 2604 3272 posset.

621 3294 757 3354 Hoc
812 3316 996 3372 ver0,
1064 3297 1337 3357 refutare
1385 3317 1561 3372 eum,
1640 3299 1734 3355 uti
1784 3317 1965 3376 saepe
2021 3296 2457 3356 difficillimum
2502 3302 2604 3370 est,

622 3396 747 3469 ita,
795 3398 847 3454 si
889 3406 1057 3457 recte
1103 3408 1164 3458 et
1205 3388 1390 3477 plene
1432 3398 1569 3474 fiat,
1622 3399 1808 3457 simul
1851 3407 1912 3457 et
1955 3398 2220 3457 debitam
2263 3405 2435 3455 tanto
2477 3396 2605 3454 viro

624 3499 1038 3579 reverentiam
1076 3500 1333 3585 prodit,
1416 3511 1481 3559 et
1536 3521 1783 3580 operam
1842 3499 2239 3579 scriptoribus
2289 3499 2415 3557 illis
2466 3516 2605 3557 vere

625 3598 960 3656 salutarem
998 3592 1301 3676 praestat,
1383 3609 1445 3658 et
1489 3601 1991 3681 exercitati-onem
2032 3601 2207 3661 affert
2250 3601 2414 3659 artis·
2440 3599 2605 3658 criti-

625 3721 735 3791 cae
777 3699 1180 3760 utilissimam.

795 3801 919 3861 Sed
973 3823 1106 3861 non
1163 3814 1256 3864 est
1284 3804 1754 3883 praetereunda
1793 3827 1918 3866 una
1954 3828 2084 3883 res,
2147 3807 2217 3866 in
2261 3826 2384 3885 qua
2423 3803 2605 3864 Bent-

620 3876 782 3964 leius
827 3905 1124 3984 singulari
1168 3928 1309 3966 cum
1349 3907 1559 3965 fructu
1596 3908 1942 3970 litterarum
1983 3910 2190 3969 sensui
2228 3909 2466 3983 omnia,
2504 3906 2603 3986 ju-

618 4006 784 4093 ‹licio
839 4027 1057 4088 prope
1082 4008 1244 4095 nihil
1299 4009 1591 4069 tribuit..
1621 4009 1782 4071 Dico
1827 4021 2028 4070 autem
2082 4031 2217 4070 rem
2253 4007 2600 4082 metricam,

617 4106 688 4197 in
718 4106 865 4188 ³qua
887 4167 890 4169 Α
912 4111 1394 4201 luculentissime
1445 4124 1701 4192 apparet
1755 4114 2037 4178 divinum
2095 4110 2222 4173 viri
2272 4111 2597 4190 ingenium,
