2890 4778
586 380 677 455 84

591 566 841 638 eorumJ
904 560 1012 642 qui
1062 559 1309 644 plaeere
1365 577 1431 622 se
1486 557 1775 626 studeant
1829 560 2046 637 bonis,
2115 562 2225 641 qui
2271 559 2342 622 id
2388 573 2599 641 recte,

587 675 770 745 atque
816 683 898 723 ex
937 663 1146 726 animo
1187 663 1406 739 faciat,
1477 664 1531 723 is
1571 672 1666 723 est
1698 663 1805 722 hic
1844 673 2046 745 poeta.
2131 661 2286 741 Sed,
2346 663 2455 742 qui
2489 666 2594 725 sic

585 768 777 828 verba
817 766 936 826 ista
977 766 1492 846 interpretaretur
1505 809 1524 841 ,
1567 766 1672 825 vel
1711 775 1975 840 erraret,
2027 764 2154 825 vel*
2172 773 2585 845 argutaretur.

584 869 803 949 Neque
845 869 1012 930 enim
1057 867 1460 928 dubitandum
1514 866 1814 942 videtur,
1862 868 2013 947 quin
2053 876 2224 926 recte
2273 867 2431 927 illud
2476 869 2586 928 di-

585 981 790 1048 catur,
849 974 911 1031 ei
948 972 1277 1050 quiequam
1317 980 1410 1026 est
1426 1013 1448 1044 ,
1522 971 1634 1050 qui
1671 966 1997 1040 studeant,
2065 978 2136 1028 ut
2179 968 2249 1028 id
2291 969 2367 1027 sit
2397 968 2579 1029 idem

547 1082 554 1090 '
585 1095 692 1151 ac,
735 1076 795 1133 εἰ
829 1074 1128 1155 quiquam
1168 1070 1451 1143 student,
1507 1071 1769 1152 ideoque
1814 1073 2000 1153 plane
2041 1069 2385 1152 comparari
2419 1091 2578 1149 pos-

583 1177 670 1238 sit
711 1197 850 1236 cum
890 1176 1008 1236 illo
1023 1219 1042 1252 ,
1116 1177 1449 1255 cuiquam,
1515 1186 1588 1233 ut
1622 1171 1959 1254 gaudeant.
2041 1172 2204 1234 Nam
2245 1175 2576 1253 quiequam

582 1279 702 1341 etsi
752 1300 885 1340 non
941 1288 1036 1340 est
1087 1298 1322 1338 nomen
1379 1277 1771 1337 collectivum
1792 1319 1812 1354 ,
1885 1287 2096 1336 tamen
2149 1277 2447 1335 sententia
2498 1284 2577 1335 ut

577 1381 665 1444 sit
704 1381 1032 1442 collectiva
1070 1381 1250 1439 facit:
1324 1399 1508 1459 quam
1546 1379 1733 1458 plene
1773 1380 1828 1437 si
1872 1378 2189 1458 eloquare,
2259 1379 2395 1438 talis
2442 1388 2572 1437 est:

579 1484 639 1544 si
688 1487 1004 1565 quisquam
1045 1490 1164 1559 est,
1222 1483 1431 1562 quales
1470 1482 1650 1540 multi
1687 1490 1861 1558 sunt,
1919 1482 2024 1561 qui
2063 1479 2374 1541 studeant:
2430 1489 2572 1540 tan..

579 1594 730 1646 tane
776 1588 1060 1667 cuiquam
1102 1586 1315 1646 innata
1355 1583 1648 1645 vecordia
1696 1595 1821 1660 est,
1892 1593 2122 1663 quanta
2175 1593 2320 1642 sunt
2374 1584 2571 1660 multi,

579 1696 652 1747 nt
694 1689 874 1750 malis
912 1688 1234 1770 gaudeant.
1334 1687 1717 1766 Quamquam
1752 1685 1848 1745 his
1887 1687 2170 1746 omnibus
2203 1684 2366 1745 nihil
2400 1686 2574 1746 aliud

581 1789 840 1849 eflicitur
852 1833 871 1865 ,
955 1801 1138 1868 quam
1200 1791 1471 1868 potuisse
1527 1788 1891 1848 Terentium
1945 1786 2233 1847 studeant
2283 1787 2569 1849 scribere.

580 1889 914 1969 Scripsisse
956 1911 1138 1965 vero,
1206 1892 1308 1969 qui
1342 1891 1676 1970 probabit?
1755 1889 1915 1968 „Ubi
1955 1890 2307 1966 Donatus,“
2355 1890 2569 1969 iuquit,

576 2013 772 2069 „cum
829 1990 1086 2051 dixisset
1144 1993 1455 2071 Cuiquam
1469 2033 1494 2064 ,
1577 1991 1798 2050 intulit
1854 2013 2177 2051 numerum
2224 1992 2526 2071 pluralem
2544 2015 2569 2051 .-

577 2107 705 2169 „ut
749 2083 908 2154 alibi
925 2116 946 2152 .·
999 2096 1059 2153 si
1098 2097 1429 2176 qui-squam
1468 2106 1561 2153 est
1576 2095 1601 2165 ,'
1652 2098 1763 2175 qui
1790 2095 2040 2174 placere
2077 2113 2141 2153 se
2180 2094 2427 2155 studeat
2459 2095 2567 2154 bo-

578 2199 750 2271 ;,nie.
849 2196 942 2257 Ita
997 2199 1243 2277 quidem
1298 2197 1489 2258 hodie
1542 2197 1772 2259 editum
1826 2206 1947 2256 est:
2017 2197 2126 2256 sed
2167 2199 2306 2258 luce
2348 2200 2567 2262 clarius

577 2311 756 2375 ,‚est,
797 2300 1108 2360 Donatum
1146 2300 1249 2360 hic
1284 2301 1504 2381 legisse
1540 2299 1842 2360 studeant.
1917 2299 2265 2363 Priscianus
2293 2323 2352 2382 p.
2390 2319 2567 2382 1099.

579 2442 631 2478 ‚,
640 2405 1130 2476 construuntur,
1196 2406 1398 2483 inquit
1411 2448 1430 2478 ,
1501 2402 1738 2464 diversi
1776 2407 2055 2464 numeri.-
2142 2408 2465 2475 Terentius
2503 2410 2569 2464 in

576 2505 942 2585 „Eunucho
957 2547 985 2578 ‚
1071 2496 1144 2566 Si
1178 2509 1510 2586 quisquam
1551 2519 1677 2579 est,
1756 2509 1866 2587 qui
1896 2507 2148 2586 placere
2184 2527 2249 2566 ee
2282 2508 2571 2567 studeant

575 2608 806 2687 „bonis
860 2619 976 2670 etc.
1085 2611 1427 2690 Quisquam
1491 2613 1657 2669 enim
1725 2608 1818 2667 ad
1878 2611 2098 2668 multos
2161 2611 2531 2691 intellegitur
2548 2634 2570 2669 .-

575 2710 928 2792 „quomodo
973 2713 1042 2769 ln
1083 2708 1391 2791 Adelphis
1408 2754 1433 2783 ‚
1486 2713 1748 2793 Aperite
1793 2712 2024 2793 aliquio
2064 2724 2365 2773 actutum.
2451 2712 2571 2774 Ubi

574 2811 956 2887 „Putschius
1012 2815 1261 2893 quidem
1316 2813 1568 2874 studeat
1622 2815 1825 2891 dedit,
1902 2816 2091 2896 plane
2155 2827 2373 2875 contra
2440 2815 2568 2874 loci

570 2916 1013 2993 „sententiam
1098 2916 1187 2977 At
1231 2926 1425 2978 testor
1484 2937 1596 2997 ego
1652 2937 1753 2976 me
1809 2917 1880 2976 in
1934 2928 2220 2998 quattuor
2273 2918 2568 2978 Prisciani

572 3014 1082 3102 „exemplaribus
1136 3018 1423 3080 studeant
1473 3021 1891 3101 repperisse.“
1907 3074 1915 3084 ,
2016 3019 2344 3101 Indignum
2399 3039 2567 3097 vero,

538 3200 541 3203 Ι
573 3131 821 3182 tantum
861 3124 1066 3184 virum
1110 3124 1188 3183 ob
1231 3124 1543 3183 tantillam
1582 3141 1716 3182 rem
1758 3122 1846 3180 ita
1883 3143 1950 3180 se
1989 3143 2236 3202 passum
2283 3143 2415 3183 esse
2454 3142 2568 3181 cu-

573 3223 835 3306 piditate
870 3225 1104 3304 abripi,
1145 3234 1219 3284 nt
1256 3245 1340 3285 ne
1381 3245 1420 3286 a
1458 3218 1678 3286 fraude
1713 3225 1966 3303 quidem
2009 3236 2075 3285 et
2111 3225 2358 3286 fallacia
2384 3228 2571 3287 auxi-

571 3325 729 3388 lium
773 3336 986 3408 petere
1027 3320 1515 3406 ddspernaretnr.
1599 3326 1724 3386 Cur.
1762 3328 1930 3386 enim
1968 3329 2192 3405 tacuit,
2254 3339 2317 3387 et
2356 3327 2568 3387 Dona-

574 3436 712 3488 tum
750 3430 874 3489 isto
911 3420 1089 3505 loco,
1132 3449 1317 3508 quem
1353 3430 1563 3506 affert,
1602 3430 1681 3489 ad
1718 3429 1910 3489 Andr.
1955 3427 2066 3507 1V‚.
2101 3446 2157 3504 1,
2199 3429 2261 3488 ὅ.
2299 3438 2363 3489 et
2399 3429 2565 3489 Pris-

577 3529 826 3591 cianum
842 3574 861 3606 ,
927 3531 1113 3591 etiam
1155 3532 1339 3592 illum
1379 3551 1629 3593 versum
1670 3531 1984 3612 adjecisse,

828 3634 906 3691 iu
944 3629 1047 3691 Iu'e
1076 3644 1267 3712 poeta
1301 3631 1411 3692 lu'c
1444 3653 1661 3693 nomeu
1685 3636 2017 3712 profitetur·
2055 3653 2238 3692 suum
2254 3633 2289 3692 Ρ

573 3732 672 3796 Ex
699 3754 821 3816 qno
850 3744 1066 3815 aperte
1095 3739 1519 3814 consequitur,
1558 3744 1632 3794 ut
1663 3738 1984 3815 potuerint
2017 3737 2221 3816 legere
2258 3732 2565 3810 studeaut,

574 3846 787 3897 tamen
838 3856 970 3897 non
1025 3836 1224 3897 solum
1277 3856 1408 3896 non
1457 3838 1598 3897 lnce
1658 3838 1915 3927 clarius,
1988 3839 2095 3898 sed
2134 3839 2342 3918 potius
2381 3840 2564 3899 valde

573 3938 832 3998 dubium
871 3958 1037 4013 esse,
1088 3939 1159 3997 id
1203 3958 1308 3997 eos
1350 3941 1422 3999 in
1457 3939 1635 3999 libris
1675 3940 1803 4000 suis
1839 3940 2155 4016 habuisse,
2213 3961 2434 4022 quum,
2494 3950 2568 4000 ut

571 4040 877 4119 pluralem
915 4051 981 4100 et
1017 4040 1393 4120 singularem
1432 4042 1728 4123 conjungi
1769 4042 2199 4120 ostenderent,
2274 4042 2440 4106 illud
2493 4045 2565 4101 in

570 4138 676 4200 hie
730 4140 1146 4223 adjiciendum
1191 4141 1521 4225 duxerint,
1598 4164 1718 4225 quo
1732 4189 1752 4225 ,
1831 4145 1885 4205 si
1923 4143 2217 4209 studeant
2254 4145 2561 4227 legebant,
