2890 4778
24 1607 25 1620 ⁴
24 1489 26 1523 *2⁴
23 1385 27 1421 *fl
23 1265 29 1317 -n2
23 1169 29 1216 ”—
23 1077 33 1113 ι-
23 974 35 1010 -ι
24 861 37 906 -r
23 766 39 824 Ἦ
31 663 39 698 .-

312 524 433 606 .qui
450 540 604 583 xnon
649 521 773 581 alio
799 520 1010 598 duce,
1090 541 1275 602 quam
1318 539 1504 582 sensu
1546 528 1690 595 suo,
1728 517 1979 604 ’spretis
2017 512 2311 584 inanibus

315 626 751 704 magistrorum
805 626 1167 685 commentis
1182 668 1201 699 ‚
1281 644 1448 684 nova
1487 622 1774 701 nullique
1813 631 2048 684 tentata
2086 625 2191 692 via
2231 605 2312 704 ad

314 728 647 790 'veritatem
702 727 1072 807 perruperit.
1170 725 1331 785 Nam
1400 745 1590 806 quum
1654 724 1853 783 omnis
1889 743 2346 794 *numerorum*

320 831 583 889 scientia
627 851 683 888 a
705 849 884 889 sensu
927 829 1231 908 originem
1273 829 1490 904 ducat,
1532 836 1817 888 naturam
1844 837 2072 886 'eorum
2112 807 2317 885 autem

312 932 704 1016 rationesque
744 932 1058 1010 explicare
1103 929 1539 1022 difficillimum
1584 930 1693 989 sit.
1765 949 1894 988 non
1935 937 2028 988 est
2070 927 2318 1006 mirum,

314 1033 702 1107 Bentleium‚
759 1051 914 1110 quae
957 1051 1106 1091 vera
1145 1051 1276 1090 esse.
1316 1009 1604 1106 sentiret,
1658 1051 1847 1109 quum
1888 1050 1960 1091 ea
2001 1030 2317 1109 explicare

319 1156 453 1195 :non
509 1143 745 1215 posset,
818 1133 1138 1220 ‚audacter
1197 1143 1268 1194 ut
1322 1142 1489 1192 certa
1544 1132 1614 1189 in
1678 1132 1954 1191 medium
2009 1132 2317 1207 attulisse3

322 1257 588 1317 quorum
648 1235 1086 1314 explanatione
1140 1245 1209 1294 ut
1272 1234 1669 1318 supersedere
1723 1242 1958 1313 posset,
2028 1253 2316 1296 arcanam
2366 1291 2370 1296 .

320 1340 628 1398 rationem
688 1338 951 1397 musices
1014 1340 1427 1414 memorabat,
1521 1337 1679 1396 bene
1740 1356 1993 1415 gnarus,
2074 1338 2316 1418 opinor,

323 1442 460 1501 aliis
522 1461 655 1499 eam
711 1461 840 1498 non
890 1441 1080 1520 magis
1137 1460 1321 1518 quam
1374 1440 1497 1498 sibi
1553 1439 1675 1518 ipsi
1724 1447 1937 1497 notam
1997 1458 2141 1498 esse.
2226 1436 2319 1497 lta

327 1544 568 1616 evenit,
609 1552 707 1617 ut,
755 1561 940 1620 quum
974 1542 1277 1622 judicium
1315 1543 1390 1601 ab
1428 1542 1527 1601 his
1558 1543 1746 1619 rebus
1784 1541 2004 1621 procul
2044 1539 2319 1614 haberet,

327 1647 649 1724 solumque
692 1665 936 1706 sensum
992 1653 1382 1723 sequeretur,
1449 1664 1580 1702 non
1620 1644 1926 1702 incideret
1966 1642 2034 1700 in
2080 1661 2318 1701 errores

323 1728 509 1824 illos,
593 1768 628 1806 a
697 1747 911 1826 quibus
979 1748 1159 1805 aliter
1226 1766 1450 1809 vereor
1506 1754 1577 1805 ut
1631 1733 1952 1814 immunis‘
1982 1746 2322 1805 mansisset.

328 1850 507 1923 Quod
563 1850 618 1907 si
673 1835 742 1906 in
802 1849 1055 1927 singulis
1113 1849 1477 1927 quibusdam
1527 1848 1685 1907 locis
1726 1857 1834 1907 aut
1871 1849 2146 1910 versibus
2192 1845 2247 1904 T
2251 1867 2320 1907 e·-

323 1952 511 2013 rentii
558 1952 641 2009 ab
698 1960 868 2009 recta
917 1961 1251 2014 metrorum
1294 1951 1539 2010 ratione
1581 1952 1921 2025 aberravit,
1989 1949 2144 2009 haec
2185 1969 2319 2009 non

326 2066 417 2114 est
474 2054 604 2134 ejus
664 2053 956 2112 metricae
1016 2055 1311 2113 scientiae
1373 2054 1672 2133 quaedam
1731 2042 2134 2131 perversitas,
2211 2051 2320 2111 sed

328 2156 406 2216 de
450 2155 655 2215 verbis
696 2156 775 2214 ad
813 2166 1010 2214 metra
1050 2157 1583 2215 accommodandis
1626 2174 1887 2234 pravum
1931 2153 2253 2233 judicium.

496 2254 706 2333 Itaque
764 2266 833 2313 ut
890 2257 1100 2334 paucis
1147 2258 1704 2337 comprehendam,
1778 2256 1867 2314 sic
1907 2256 2318 2336 judicabimus

331 2358 409 2418 de
452 2355 764 2432 Bentleio,
805 2357 873 2414 in
918 2358 1100 2417 rebus
1144 2358 1453 2420 historicis
1491 2360 1776 2421 criticum
1818 2379 1961 2419 eum
2000 2379 2131 2420 esse
2170 2376 2321 2437 per-

328 2458 762 2534 fectissimum3
839 2459 909 2519 in
943 2461 1319 2538 scriptorum
1368 2471 1572 2522 autem
1611 2472 1924 2538 veterum,
1994 2471 2319 2540 poetarum

329 2563 635 2636 maxime,
725 2562 1154 2623 emendatione
1215 2565 1570 2644 saepissime
1620 2566 2045 2641 abusumesse
2087 2563 2318 2645 judicio
2364 2626 2369 2632 ,

328 2669 475 2739 ‘su0,
551 2666 638 2723 ita
679 2671 919 2740 tamen,
980 2677 1052 2725 ut
1094 2667 1276 2725 etiam
1318 2667 1426 2725 ubi
1471 2677 1665 2742 errat,
1732 2669 1803 2725 in
1846 2667 2322 2726 demonstranda

331 2766 838 2842 'defendendaque
897 2770 1204 2829 sententia
1257 2786 1370 2826 sua
1425 2769 1802 2828 admirabilis
1850 2770 1962 2845 sit3
2033 2769 2320 2844 denique,

327 2870 437 2928 ubi
498 2888 635 2926 eum
682 2868 781 2941 ,rei
832 2879 1051 2928 natura
1113 2891 1184 2929 ac
1240 2872 1572 2929 necessitas
1627 2871 1922 2949 quaedam
1981 2869 2058 2927 ad
2114 2868 2316 2928 solum

328 2991 573 3029 sensum
629 2971 761 3028 veri
818 2968 1172 3050 redegerat,
1255 2973 1432 3033 nulla
1496 2973 1733 3054 judicio
1789 2971 2081 3031 abutendi
2138 2970 2318 3049 copia

325 3074 576 3148 relicta,
634 3072 933 3132 eximium
975 3075 1270 3155 conspici.

490 3173 622 3234 Iam
676 3195 824 3234 vero
869 3177 1035 3253 quod
1079 3177 1158 3237 ad
1201 3178 1331 3258 ejus
1373 3176 1710 3237 editionem
1753 3174 2036 3235 Terentii
2080 3175 2317 3252 attinet,

331 3277 407 3336 de
467 3297 588 3356 qua
642 3277 810 3357 quod
866 3279 943 3336 ad
1001 3299 1134 3338 rem
1188 3281 1509 3340 metiicam
1552 3288 1786 3359 spectat
1825 3280 1970 3359 quid
2010 3279 2318 3352 sentirem,

327 3396 457 3438 non
495 3380 802 3439 uno-loco
848 3380 918 3439 in
959 3380 1087 3458 his,
1145 3402 1301 3461 quae
1345 3382 1424 3441 de
1468 3380 1677 3441 metris
1720 3383 1973 3461 scripsi,
2012 3379 2322 3461 signifiea-

327 3492 458 3542 tum
500 3490 637 3558 ests
694 3483 772 3541 de
816 3504 888 3541 ea
928 3483 1093 3562 quod
1135 3505 1320 3564 supra
1363 3485 1673 3560 dicebam,
1741 3484 1938 3544 multo
1992 3506 2092 3544 me
2142 3485 2324 3544 aliter

327 3583 635 3662 judicare,
680 3605 861 3664 quam
905 3583 1001 3644 Fr.
1038 3585 1107 3645 A.
1146 3585 1471 3666 Wolfium,
1523 3589 1593 3647 id
1630 3597 1701 3646 ut
1738 3607 1869 3646 non
1904 3588 2044 3647 sine'
2077 3587 2336 3646 idoneis'

329 3686 668 3746 rationibus
721 3687 953 3747 dictum
1017 3691 1367 3767 ostendam,
1465 3711 1595 3750 non
1650 3690 1802 3751 hinc
1853 3691 2035 3750 illinc
2090 3687 2322 3766 aliquid
2389 3724 2396 3729 -

333 3783 690 3862 decerpam,
759 3792 924 3868 ‘1¹³qu
967 3776 1311 3871 quaesitum
1353 3795 1575 3876 potius
1603 3814 1764 3867 esse,
1820 3813 1998 3871 quam
2044 3791 2210 3848 ultro
2254 3809 2321 3848 se
2357 3858 2361 3864 ι

314 3885 626 3945 obtulisse
664 3884 976 3976 videatur,
1038 3895 1144 3954 sed
1186 3896 1459 3974 prologis
1503 3905 1643 3954 utar
1684 3894 1958 3954 Andriae
2003 3899 2065 3949 et
2105 3888 2322 3949 Eunu-2

333 3985 435 4044 chi
453 4028 472 4060 ,
553 3995 625 4067 ut
660 3940 982 4067 ejusmodi
1038 3997 1336 4074 exemplis
1353 4041 1372 4072 ,
1437 3997 1506 4055 in
1549 3999 1765 4076 quibus
1805 3994 2117 4071 aliquanto
2159 3991 2321 4049 diffi-

335 4087 548 4166 cilius,
619 4107 801 4168 quam
840 4092 909 4152 in
955 4094 1125 4169 aliis,
1167 4097 1348 4175 ,quod
1391 4099 1637 4179 peccari
1674 4095 1982 4178 potuerit,
2031 4094 2317 4157 >inveniri
