2890 4778
521 357 634 432 ‘14

683 526 786 596 '1’.
824 532 889 594 S.
988 528 1325 592 Fritschius
1378 530 1654 613 junior‚’
1710 530 1817 612 qui
1867 534 1996 616 jam
2050 548 2165 612 per
2204 548 2448 591 anuum
2497 539 2588 595 et

428 639 435 644 ⁴
548 637 872 704 dimidium
914 633 1371 695 Amstelodamo
1408 634 1641 710 abfuit,
1684 642 1828 693 ante
1867 633 2124 694 biduum
2149 634 2227 693 ad
2255 653 2359 694 me
2385 634 2582 694 scri-

546 742 674 825 psit
691 789 711 821 ,
756 762 838 816 ,se
880 739 1046 799 intra
1088 746 1213 796 tres
1255 733 1670 796 hebdomadas
1715 745 1886 795 certo
1931 736 2158 796 certius
2210 734 2334 794 huc
2375 736 2580 797 redi-

547 855 777 908 turum.
860 838 1065 901 Simul
1103 836 1501 917 conqueritur
1545 837 1624 897 de
1663 835 2060 898 Croonfeldio
2082 835 2174 918 *)‚
2221 838 2386 918 quod
2424 839 2573 919 ipsi

548 947 828 1012 nondum
860 941 1290 1021 supplementa
1307 940 1758 1019 exemplarium
1791 937 2021 1000 Suidae
2048 939 2300 1016 miserit,
2331 960 2571 1020 quam..

548 1054 648 1115 vis
706 1049 840 1109 non'
891 1043 1092 1104 solum
1133 1041 1463 1123 aliquoties
1514 1042 1594 1102 ad
1637 1063 1779 1103 eum
1815 1042 1934 1103 hac
1977 1043 2056 1103 de
2096 1062 2169 1102 re
2207 1042 2561 1128 scripserit,
2643 1115 2648 1120 ,

550 1154 663 1216 ned
722 1151 907 1216 etiam
966 1145 1191 1220 libros,
1269 1164 1420 1225 quos
1478 1145 1867 1206 universitati
1922 1145 2175 1221 debeat,
2236 1146 2365 1220 iam
2401 1156 2559 1207 ante

551 1257 889 1319 discessum
929 1268 1107 1308 suum
1145 1246 1250 1307 hic
1290 1257 1539 1328 paratos
1579 1247 1883 1313 habuerit.
1968 1246 2139 1326 Rogo
2179 1247 2403 1329 igitur,
2479 1257 2561 1310 ut

553 1379 694 1421 cum
738 1350 1141 1417 Croonfeldio
1180 1348 1297 1409 hac
1345 1350 1423 1409 de
1466 1370 1536 1409 re
1580 1349 1885 1429 loquaris,
1947 1360 2011 1409 et
2051 1370 2295 1410 causam
2337 1370 2557 1412 morae

550 1456 959 1543 perconteris.
1040 1451 1233 1512 Addit
1269 1450 1316 1511 F
1316 1451 1609 1512 ritschius
1648 1473 1714 1512 se
1752 1453 1927 1512 illico
1967 1452 2164 1512 libros
2197 1452 2555 1530 missurum,

555 1559 1010 1644 quamprimum
1047 1556 1476 1635 supplementa
1518 1556 1840 1635 acceperit.
1922 1554 2047 1615 Sed
2086 1574 2228 1614 cum
2265 1553 2391 1614 huc
2432 1575 2557 1615 ve-

552 1664 722 1725 nerit
740 1706 757 1738 ,
799 1668 1016 1720 auctor
1056 1658 1183 1737 ipsi
1202 1665 1209 1672 '
1229 1678 1367 1734 erc,
1420 1667 1493 1717 ut
1528 1659 1663 1737 ipse
1705 1657 1785 1717 ad
1832 1654 2303 1718 Croonfeldium
2340 1657 2553 1719 denuo

553 1767 672 1827 hac
716 1762 796 1823 de
822 1780 905 1819 -re
936 1759 1189 1818 scribat.
1286 1759 1515 1818 lterum
1552 1758 1710 1819 vale.
2411 1837 2428 1846 ὴ

725 1860 1116 1941 Inscriptioni
1194 1859 1489 1941 epistolae
1556 1859 1704 1920 addi
1771 1862 2000 1943 poterit
2051 1858 2331 1944 Belgice,
2408 1861 2557 1930 Ten

557 1967 754 2047 huyne
795 1982 920 2024 van
985 1962 1262 2024 Madame
1308 1961 1560 2039 Petold,
1628 1983 1710 2043 op
1754 1962 1833 2022 de
1874 1962 2041 2025 hoek
2079 1984 2209 2025 van
2252 1964 2330 2026 de
2368 1965 2556 2047 lange

555 2075 713 2155 brug
747 2080 914 2151 steeg
953 2071 1022 2129 in
1059 2066 1167 2126 the
1206 2064 1380 2127 Ness.
1422 2065 1824 2126 Amsterdam.

727 2168 1272 2249 Hemsterhuysius
1315 2166 1638 2248 epistolam
1680 2177 1851 2228 tuam
1890 2168 2131 2249 accepit
2144 2195 2168 2245 ,·
2206 2190 2325 2251 qua
2369 2172 2556 2232 miri-

562 2279 683 2352 fice
723 2276 1100 2340 exhilaratus
1139 2273 1276 2333 fuit.
1359 2269 1635 2332 Salutem
1675 2271 1795 2331 tibi
1835 2272 2170 2352 plurimam
2210 2272 2398 2333 dicit(
2487 2331 2490 2332 γ

760 2395 879 2450 For
921 2391 1019 2447 the
1069 2387 1374 2445 Reverend
1421 2387 1533 2443 Dr.
1581 2384 1852 2462 Bentley,

792 2488 797 2493 ⁴
890 2478 1111 2534 Master
1149 2473 1217 2530 of
1250 2473 1494 2546 Trinity
1532 2471 1813 2548 Colledge
1847 2472 1915 2529 iu
1951 2471 2320 2551 Cambridge.

386 2628 517 2722 ι415
1510 2662 1612 2724 IV.

892 2802 1087 2844 vnto
1148 2800 1523 2844 1Ltusrn1
1584 2800 1679 2842 ur
1733 2801 2224 2843 Aurcrssnro

563 2904 591 2918 “
689 2910 856 2953 mou.
908 2903 1258 2961 nnn‘rnmo,
1334 2906 1382 2945 s.
1445 2905 1501 2946 ι».
1557 2903 1621 2945 υ.
1673 2903 2034 2946 Lunom’nus
2095 2902 2444 2946 nunnus:

565 3119 577 3125 β
729 3047 981 3106 Literas
1024 3052 1158 3103 tuas
1198 3039 1486 3100 Londino
1526 3036 1606 3097 ad
1645 3058 1746 3099 me
1788 3037 1961 3100 datas
1992 3039 2223 3121 accepi,
2283 3058 2368 3100 ex
2408 3039 2551 3120 qui-

508 3130 516 3144 ⁶
561 3152 673 3233 bus
727 3146 1024 3229 perspexi
1040 3190 1058 3222 ‚
1125 3154 1190 3205 te
1255 3141 1710 3229 quamprimum
1761 3140 2214 3225 Cantabrigiam
2267 3163 2550 3219 reversus

557 3252 752 3315 fueris
773 3295 792 3328 ‚
828 3249 1069 3328 reliqua
1106 3246 1175 3306 in
1211 3245 1460 3306 Plutum
1501 3245 1579 3323 ad
1618 3266 1718 3307 me
1756 3247 2123 3325 missurusn3
2165 3267 2290 3327 qua
2326 3267 2418 3313 ra
2436 3265 2554 3308 ve-

559 3353 879 3431 liementer
919 3352 1178 3412 laetatus
1230 3349 1342 3411 sui.
1467 3347 1921 3411 illustrissimus
1978 3348 2389 3437 Spanhemius
2430 3369 2553 3410 no·—

561 3464 687 3516 ster
737 3453 953 3513 itidem
1005 3459 1190 3533 parat.
1219 3461 1399 3512 notas
1441 3451 1730 3530 quasdam
1775 3451 1845 3513 iu
1884 3451 2359 3534 Aristophanem
2395 3450 2566 3513 Edi--

516 3543 722 3623 *tioni
773 3573 949 3617 meae
1002 3552 1421 3641 adjiciendas3
1493 3573 1613 3632 qua
1655 3553 1734 3613 de
1755 3572 1847 3614 “re
1892 3574 2098 3638 nuper
2146 3575 2261 3637 per
2312 3554 2551 3639 Masso-

558 3662 735 3724 nium
789 3677 890 3719 me
952 3653 1282 3714 certiorem
1335 3654 1507 3714 fecit.
1631 3652 1953 3719 Praeterea
2017 3658 2268 3720 Parisiis
2321 3658 2402 3719 ad
2450 3677 2554 3719 me

558 3765 780 3835 missae
821 3742 995 3848 sunts
1013 3766 1200 3818 notae
1240 3756 1528 3840 prolixae
1566 3767 1628 3820 et
1669 3761 1887 3825 doctae
1932 3760 2143 3850 Magni
2180 3761 2310 3826 viri
2361 3757 2552 3822 Isaaci

680 4047 750 4186 ἱ)
796 4045 936 4103 Scil.
990 4043 1386 4113 Crownfield,
1450 4045 1791 4106 Academiae
1838 4046 2331 4125 Cantabrigien⁸i⁸
2379 4059 2551 4121 ‘51³⁰‘

560 4150 695 4207 grap
743 4149 799 4188 o.
