2890 4778
302 593 605 656 vocabulo
643 597 806 671 ‘quae
841 586 1152 668 incipere:
1194 603 1349 666 quae
1391 602 1492 645 res
1530 574 1706 644 tanto
1749 573 1955 664 minus
1998 580 2291 646 offensioa‘

303 697 402 757 nis
442 695 661 769 habet,
702 692 866 771 quod
910 690 1172 750 alterum
1217 707 1374 774 quae
1412 687 1482 745 in
1525 689 1678 766 arsi,
1723 683 1983 748 alterum
2023 687 2095 746 in
2128 687 2291 747 thesi

308 807 415 857 est.
499 795 634 856 Hoc
672 815 855 870 vem,
901 792 1065 873 quod
1109 792 1186 850 de
1226 789 1616 871 oppositione
1648 781 1982 851 verborum
2020 810 2189 849 nunc
2230 798 2293 849 et

300 911 439 980 post
497 900 683 974 dicit,
750 907 895 985 'tam
942 905 1035 955 est
1077 894 1334 967 falsum,
1420 914 1603 972 quam
1661 894 1828 972 quod
1882 894 2293 954 salsissimum.

304 1002 400 1063 Re
455 1023 601 1062 sane
658 1000 774 1059 illa
827 996 1110 1077 opposita
1166 994 1282 1053 sibi
1336 1003 1510 1053 suntz
1574 1004 1638 1053 at
1677 999 2193 1075 pronunciatione
2233 1005 2296 1055 et

303 1106 505 1166 forma
551 1102 844 1162 orationis
869 1117 1016 1160 ,non
1064 1105 1208 1155 sunt
1244 1092 1544 1176 opposita.
1652 1093 1903 1176 Εεὲεῃῒ,
1965 1102 2017 1159 si
2061 1102 2148 1160 sic
2198 1099 2298 1159 di..

305 1208 527 1283 xusset,
602 1225 767 1263 nunc
811 1223 968 1284 qaae
1013 1181 1497 1270 condonabitur,
1570 1198 1682 1257 sed
1710 1202 2106 1282 proferentur
2139 1213 2301 1282 post:

307 1308 388 1368 Et
429 1318 565 1368 tum
610 1308 866 1374 omnino
910 1306 997 1363 sic
1036 1303 1227 1364 verba
1270 1302 1648 1361 collocanda·
1673 1302 1949 1363 fuissent.
2052 1305 2132 1364 At
2167 1327 2299 1366 non

312 1411 521 1486 est-ita
549 1411 870 1489 loquutus,
908 1405 1018 1465 sed
1060 1406 1258 1465 multo
1302 1406 1650 1480 venustius,
1690 1407 1885 1465 multo
1918 1410 2301 1469 convenien-
2349 1444 2354 1453 ·

309 1515 432 1573 tius
477 1512 774 1574 familiari
817 1509 1085 1568 sermoni
1138 1508 1332 1583 dixit,
1418 1528 1577 1588 quae
1617 1516 1788 1568 nunc
1833 1503 2304 1583 condonabitur-5

310 1617 490 1675 nullo
533 1616 662 1673 ictu
707 1614 983 1684 excitans
1027 1630 1246 1671 vocem
1292 1630 1496 1682 nunc,
1568 1623 1631 1672 et
1684 1611 1908 1672 finiens
1960 1612 2057 1672 his
2098 1616 2303 1674 verbis

313 1720 674 1778 orationem.
760 1713 906 1772 Post
941 1715 1187 1773 demum
1230 1714 1289 1772 ei
1331 1716 1417 1773 in·
1437 1723 1710 1773 mentem
1748 1717 1920 1775 venit
1957 1719 2141 1776 etiam
2180 1717 2304 1777 ali-

316 1794 464 1899 quid
509 1816 999 1879 comminationis
1045 1817 1341 1897 adjicere:
1411 1816 1579 1875 unde
1636 1815 1819 1876 dicit:
1894 1837 2052 1897 quae
2086 1819 2307 1901 profe-

312 1935 526 1981 rentur
573 1932 733 2001 post.
848 1917 982 1977 Hoc
1022 1929 1167 1997 post
1208 1937 1358 1982 vero
1412 1918 1668 1977 omnino
1712 1920 1781 1977 in
1826 1920 1956 1978 ictu
1995 1911 2150 2001 poni
2195 1923 2306 1982 de-

311 2026 527 2101 hebet,
597 2024 735 2101 quia
776 2020 1113 2101 opponitur
1153 2021 1253 2079 illi
1293 2041 1465 2079 nunc
1506 2020 1674 2099 quod
1698 2031 1854 2092 ,ante
1893 2023 2127 2083 dictum
2167 2025 2306 2085 fue-

314 2135 437 2186 rat:
481 2125 590 2183 sed
618 2143 786 2182 nuno
817 2140 1005 2201 quum
1050 2123 1326 2196 dicebat,
1371 2101 1655 2180 nondum
1694 2124 1764 2179 in
1805 2125 2009 2181 animo
2045 2127 2310 2185 habebat

319 2229 375 2285 ei
417 2227 661 2303 aliquod
694 2235 836 2303 post
879 2242 1227 2302 opponeret
1267 2241 1455 2300 quare
1495 2241 1627 2280 non
1668 2232 1914 2301 poterat
1949 2245 2116 2283 nunc
2152 2227 2309 2286 illud

317 2328 446 2385 ictu
502 2327 668 2404 erigi.
768 2323 945 2383 Falsa
985 2343 1129 2403 ergo
1177 2324 1482 2402 scriptura
1539 2327 1629 2382 est
1682 2324 1911 2385 codicis
1943 2326 2162 2406 filius,
2247 2338 2312 2387 et
2427 2361 2466 2384 ι

320 2436 564 2507 argutae
602 2426 1115 2506 potius'exilitati
1155 2426 1421 2486 rhetoris
1462 2426 1755 2506 alicuju3‚
1798 2448 1979 2507 quam
2012 2414 2205 2510 purae
2248 2438 2311 2491 et

260 2550 265 2559 ‘
321 2528 589 2609 simplici
635 2529 976 2608 elegantiae
1023 2528 1079 2586 T
1084 2530 1307 2588 ereutii
1332 2515 1746 2590 conveniens,

488 2631 688 2691 Versu
723 2631 824 2692 25.
865 2632 937 2690 in
977 2631 1158 2691 libris
1197 2640 1318 2690 est:
1460 2646 1464 2659 ‘
1499 2653 1507 2659 ·
1605 2644 1610 2652 “
2356 2654 2440 2721 173

584 2734 871 2817 Colacem
908 2754 1040 2792 esse
1085 2735 1297 2793 Naevi
1338 2746 1401 2792 et
1447 2734 1666 2794 Plauti
1710 2746 1969 2794 veterem
1994 2736 2309 2819 fabulam.

255 2875 263 2879 -
316 2835 558 2915 ‘„Colax
609 2836 902 2912 Plauti,“
975 2837 1214 2916 inquit,
1299 2859 1386 2913 „a
1441 2838 1646 2897 Nonio
1707 2838 2008 2899 Marcello
2058 2842 2317 2916 citatur;

321 2940 557 3018 „Naevi
597 2938 792 2998 Colax
830 2958 1127 3020 nusquam
1167 2951 1574 3000 memoratur:
1617 2961 1762 3001 nam
1804 2962 1960 3021 quae
1999 2945 2317 3023 superiore

322 3042 604 3120 „saeculo
665 3043 829 3121 apud
883 3042 1158 3101 Nonium
1203 3053 1266 3102 et
1311 3043 1690 3102 Priscianum
1745 3043 2104 3105 ferebantur
2152 3057 2319 3105 tam-

323 3166 547 3223 „quam
608 3164 689 3203 ex
743 3144 963 3206 Naevii
1005 3144 1287 3219 Colace,‘
1334 3162 1405 3204 ea
1443 3147 1568 3226 jam
1614 3162 1694 3203 ex
1734 3149 2167 3209 vetustioribus
2200 3169 2320 3209 co-

323 3247 605 3325 „dicibus
651 3246 854 3306 Novio
895 3248 1266 3309 tribuuntur.
1351 3246 1513 3305 Mira
1552 3268 1703 3306 vero
1726 3224 1979 3308 ¹locutio
2023 3260 2147 3326 est,
2191 3252 2320 3309 eisc

324 3350 664 3431 „Colacem
695 3351 910 3410 Naeva·
921 3392 944 3420 ‚
990 3360 1052 3408 et
1088 3358 1350 3409 veterem
1372 3347 1672 3430 fabulam
1712 3351 1947 3411 Plauti.
2040 3352 2323 3414 Veterem

302 3478 310 3485 ·
322 3454 553 3532 „modo
595 3454 901 3513 fabulam!
962 3470 1045 3511 an
1082 3452 1326 3511 nullum
1370 3453 1428 3510 ei
1462 3471 1688 3512 nomen
1730 3436 1909 3513 erat?
1962 3466 2026 3515 et
2068 3476 2175 3515 cur
2212 3470 2324 3518 ve-

324 3570 552 3635 „terem
614 3557 692 3615 de
747 3555 1083 3630 Plautinis,
1165 3575 1304 3613 cum
1345 3553 1700 3614 Naevianae
1745 3567 1949 3618 essent
1982 3559 2109 3618 illis
2150 3570 2327 3618 vete-
2401 3602 2406 3607 ,

327 3659 603 3735 „ripres'2
682 3658 1005 3736 Denique,
1077 3658 1130 3716 si
1165 3656 1319 3729 haec
1357 3672 1506 3717 vera
1549 3659 1733 3721 lectio
1777 3672 1902 3737 est,
1975 3663 2045 3721 in
2087 3680 2162 3719 eo
2203 3678 2325 3738 quo

327 3770 611 3834 „accusat
668 3758 919 3820 Luscius
977 3758 1371 3835 Terentium,
1453 3763 1636 3821 etiam
1695 3772 1962 3839 excusat.
2084 3761 2328 3841 Quippe

332 3860 421 3935 „si
470 3869 684 3916 noster
733 3842 995 3922 furatus⁸
1017 3864 1098 3923 sit
1146 3882 1475 3942 personam
1517 3864 1775 3943 parasiti
1816 3874 1880 3943 et
1922 3862 2141 3927 militis
2186 3872 2251 3921 et
2291 3881 2331 3920 ο.

333 3960 591 4037 „Plauto
635 3964 697 4019 et
735 3983 772 4020 a
810 3965 1082 4040 NaeviO,
1158 3965 1341 4025 etiam
1393 3965 1644 4024 Plautus
1682 3984 1853 4024 suam
1894 3984 1932 4023 a
1970 3963 2209 4024 Naevio
2251 3964 2335 4023 sit

332 4062 625 4137 ‚‚furatus.
720 4059 1021 4144 Exemplo
1077 4065 1269 4142 igitur
1323 4067 1461 4144 ipso
1523 4064 1825 4125 accusatio
1883 4065 2163 4124 difflatur.
2265 4063 2334 4124 Si

335 4163 530 4240 „hae‘c
577 4162 936 4245 displicent,
1014 4165 1090 4226 cle
1130 4169 1512 4227 correctione
1555 4168 1946 4247 cogitandum
1996 4170 2126 4231 erit.
2213 4166 2335 4229 Co-
